@inproceedings{Ha2017_Hypernetworks,
 author = {David Ha and Andrew Dai and Quoc V. Le},
 booktitle = {5th International Conference on Learning Representations (ICLR)},
 file = {:45823 - HyperNetworks.pdf:PDF},
 ranking = {rank4},
 title = {HyperNetworks},
 url = {https://openreview.net/pdf?id=rkpACe1lx},
 year = {2017}
}

@inproceedings{Haarnoja2017_SoftQLearning,
 author = {Tuomas Haarnoja and Haoran Tang and Pieter Abbeel and Sergey Levine},
 booktitle = {Proceedings of the 34th International Conference on Machine Learning},
 editor = {Precup, Doina and Teh, Yee Whye},
 pages = {1352--1361},
 publisher = {PMLR},
 series = {Proceedings of Machine Learning Research},
 title = {Reinforcement Learning with Deep Energy-Based Policies},
 url = {http://proceedings.mlr.press/v70/haarnoja17a.html},
 volume = {70},
 year = {2017}
}

@inproceedings{Haarnoja2018_SAC,
 author = {Haarnoja, Tuomas and Zhou, Aurick and Abbeel, Pieter and Levine, Sergey},
 booktitle = {Proceedings of the 35th International Conference on Machine Learning},
 editor = {Dy, Jennifer and Krause, Andreas},
 pages = {1861--1870},
 series = {Proceedings of Machine Learning Research},
 title = {Soft Actor-Critic: Off-Policy Maximum Entropy Deep Reinforcement Learning with a Stochastic Actor},
 url = {https://proceedings.mlr.press/v80/haarnoja18b.html},
 volume = {80},
 year = {2018}
}

@article{Haarnoja2024_Soccer,
 author = {Tuomas Haarnoja and Ben Moran and Guy Lever and Sandy H. Huang and Dhruva Tirumala and Jan Humplik and Markus Wulfmeier and Saran Tunyasuvunakool and Noah Y. Siegel and Roland Hafner and Michael Bloesch and Kristian Hartikainen and Arunkumar Byravan and Leonard Hasenclever and Yuval Tassa and Fereshteh Sadeghi and Nathan Batchelor and Federico Casarini and Stefano Saliceti and Charles Game and Neil Sreendra and Kushal Patel and Marlon Gwira and Andrea Huber and Nicole Hurley and Francesco Nori and Raia Hadsell and Nicolas Heess},
 doi = {10.1126/scirobotics.adi8022},
 journal = {Science Robotics},
 number = {89},
 pages = {eadi8022},
 title = {Learning agile soccer skills for a bipedal robot with deep reinforcement learning},
 volume = {9},
 year = {2024}
}

@article{Hafner2022_Hierarchical,
 archiveprefix = {arXiv},
 author = {Danijar Hafner and Kuang-Huei Lee and Ian Fischer and Pieter Abbeel},
 booktitle = {Advances in Neural Information Processing Systems},
 editor = {S. Koyejo and S. Mohamed and A. Agarwal and D. Belgrave and K. Cho and A. Oh},
 pages = {26091--26104},
 publisher = {Curran Associates, Inc.},
 title = {Deep Hierarchical Planning from Pixels},
 url = {https://proceedings.neurips.cc/paper_files/paper/2022/file/a766f56d2da42cae20b5652970ec04ef-Paper-Conference.pdf},
 volume = {35},
 year = {2022}
}

@article{Hafner2023_DreamerV3,
 author = {Hafner, Danijar and Pasukonis, Jurgis and Ba, Jimmy and Lillicrap, Timothy},
 doi = {10.48550/ARXIV.2301.04104},
 eprint = {2301.04104},
 note = {arxiv:2301.04104},
 publisher = {arXiv},
 title = {Mastering Diverse Domains through World Models},
 year = {2023}
}

@book{Hamann2018_SwarmRobotics,
 author = {Hamann, Heiko},
 doi = {10.1007/978-3-319-74528-2},
 groups = {Swarm learning},
 isbn = {9783319745282},
 publisher = {Springer International Publishing},
 title = {Swarm Robotics: A Formal Approach},
 year = {2018}
}

@book{Hamill2015_ABMEconomics,
 author = {Hamill, L and Gilbert, N},
 doi = {10.1002/9781118945520},
 isbn = {1118456076},
 pages = {272},
 publisher = {John Wiley \& Sons},
 title = {Agent-Based Modelling in Economics},
 year = {2015}
}

@inproceedings{Han2023_MBC,
 address = {Richland, SC},
 author = {Han, Shuai and Dastani, Mehdi and Wang, Shihan},
 booktitle = {Proceedings of the 2023 International Conference on Autonomous Agents and Multiagent Systems},
 location = {London, United Kingdom},
 numpages = {9},
 pages = {439–447},
 publisher = {International Foundation for Autonomous Agents and Multiagent Systems},
 series = {AAMAS '23},
 title = {Model-Based Sparse Communication in Multi-Agent Reinforcement Learning},
 url = {https://dl.acm.org/doi/abs/10.5555/3545946.3598669},
 year = {2023}
}

@inproceedings{Hanjie2021_EMMA,
 author = {Hanjie, Austin W. and Zhong, Victor Y and Narasimhan, Karthik},
 booktitle = {Proceedings of the 38th International Conference on Machine Learning},
 editor = {Meila, Marina and Zhang, Tong},
 pages = {4051--4062},
 publisher = {PMLR},
 series = {Proceedings of Machine Learning Research},
 title = {Grounding Language to Entities and Dynamics for Generalization in Reinforcement Learning},
 url = {https://proceedings.mlr.press/v139/hanjie21a.html},
 volume = {139},
 year = {2021}
}

@inbook{Hansen2015_ES,
 author = {Hansen, Nikolaus and Arnold, Dirk V. and Auger, Anne},
 booktitle = {Springer Handbook of Computational Intelligence},
 doi = {10.1007/978-3-662-43505-2_44},
 isbn = {9783662435052},
 pages = {871--898},
 publisher = {Springer Berlin Heidelberg},
 title = {Evolution Strategies},
 year = {2015}
}

@article{Hao2024_ExploReview,
 author = {Hao, Jianye and Yang, Tianpei and Tang, Hongyao and Bai, Chenjia and Liu, Jinyi and Meng, Zhaopeng and Liu, Peng and Wang, Zhen},
 doi = {10.1109/tnnls.2023.3236361},
 issn = {2162-2388},
 journal = {IEEE Transactions on Neural Networks and Learning Systems},
 number = {7},
 pages = {8762--8782},
 publisher = {Institute of Electrical and Electronics Engineers (IEEE)},
 title = {Exploration in Deep Reinforcement Learning: From Single-Agent to Multiagent Domain},
 volume = {35},
 year = {2024}
}

@article{Harnad1990_SymbolGrounding,
 author = {Stevan Harnad},
 doi = {https://doi.org/10.1016/0167-2789(90)90087-6},
 issn = {0167-2789},
 journal = {Physica D: Nonlinear Phenomena},
 number = {1},
 pages = {335-346},
 title = {The symbol grounding problem},
 volume = {42},
 year = {1990}
}

@book{Harsanyi1988_EqSec,
 author = {John C. Harsanyi and Reinhard Selten},
 number = {0262582384},
 publisher = {The MIT Press},
 series = {MIT Press Books},
 title = {{A General Theory of Equilibrium Selection in Games}},
 url = {https://ideas.repec.org/b/mtp/titles/0262582384.html},
 volume = {1},
 year = {1988}
}

@inproceedings{Hasselt2010_DoubleQlearning,
 author = {van Hasselt, Hado},
 booktitle = {Advances in Neural Information Processing Systems},
 editor = {J. Lafferty and C. Williams and J. Shawe-Taylor and R. Zemel and A. Culotta},
 publisher = {Curran Associates, Inc.},
 title = {Double Q-learning},
 url = {https://proceedings.neurips.cc/paper_files/paper/2010/file/091d584fced301b442654dd8c23b3fc9-Paper.pdf},
 volume = {23},
 year = {2010}
}

@inproceedings{Hasselt2016_DoubleDQN,
 author = {van Hasselt, Hado and Guez, Arthur and Silver, David},
 booktitle = {Proceedings of the Thirtieth {AAAI} Conference on Artificial Intelligence, February 12-17, 2016, Phoenix, Arizona, {USA}},
 editor = {Dale Schuurmans and Michael P. Wellman},
 pages = {2094--2100},
 publisher = {{AAAI} Press},
 title = {Deep Reinforcement Learning with Double Q-Learning},
 url = {http://www.aaai.org/ocs/index.php/AAAI/AAAI16/paper/view/12389},
 year = {2016}
}

@inproceedings{Hausknecht2015_DRQN,
 author = {Matthew Hausknecht and Peter Stone},
 booktitle = {Sequential Decision Making for Intelligent Agents Papers from the AAAI 2015 Fall Symposium},
 conference = {AAAI Fall Symposium Series},
 title = {Deep Recurrent Q-Learning for Partially Observable MDPs},
 url = {https://www.aaai.org/ocs/index.php/FSS/FSS15/paper/view/11673},
 year = {2015}
}

@inproceedings{Havrylov2017_EmergenceLang,
 address = {Red Hook, NY, USA},
 author = {Havrylov, Serhii and Titov, Ivan},
 booktitle = {Proceedings of the 31st International Conference on Neural Information Processing Systems},
 location = {Long Beach, California, USA},
 numpages = {11},
 pages = {2146–2156},
 publisher = {Curran Associates Inc.},
 series = {NIPS'17},
 title = {Emergence of Language with Multi-Agent Games: Learning to Communicate with Sequences of Symbols},
 url = {https://proceedings.neurips.cc/paper_files/paper/2017/hash/70222949cc0db89ab32c9969754d4758-Abstract.html},
 year = {2017}
}

@article{Heinrich2016_NSFP,
 archiveprefix = {arXiv},
 author = {Johannes Heinrich and David Silver},
 eprint = {1603.01121},
 note = {arxiv:1603.01121},
 title = {Deep Reinforcement Learning from Self-Play in Imperfect-Information Games},
 url = {https://arxiv.org/abs/1603.01121},
 year = {2016}
}

@inproceedings{Henaff2022_E3B,
 author = {Mikael Henaff and Roberta Raileanu and Minqi Jiang and Tim Rockt{\"a}schel},
 booktitle = {Advances in Neural Information Processing Systems},
 editor = {Alice H. Oh and Alekh Agarwal and Danielle Belgrave and Kyunghyun Cho},
 pages = {37631-37646},
 title = {Exploration via Elliptical Episodic Bonuses},
 url = {https://openreview.net/forum?id=Xg-yZos9qJQ},
 volume = {35},
 year = {2022}
}

@article{Hendersion2018_Matters,
 author = {Henderson, Peter and Islam, Riashat and Bachman, Philip and Pineau, Joelle and Precup, Doina and Meger, David},
 doi = {10.1609/aaai.v32i1.11694},
 journal = {Proceedings of the AAAI Conference on Artificial Intelligence},
 number = {1},
 title = {Deep Reinforcement Learning That Matters},
 url = {https://ojs.aaai.org/index.php/AAAI/article/view/11694},
 volume = {32},
 year = {2018}
}

@inproceedings{Hessel2018_Rainbow,
 author = {Hessel, Matteo and Modayil, Joseph and van Hasselt, Hado and Schaul, Tom and Ostrovski, Georg and Dabney, Will and Horgan, Dan and Piot, Bilal and Azar, Mohammad and Silver, David},
 booktitle = {Proceedings of the AAAI Conference on Artificial Intelligence},
 doi = {10.1609/aaai.v32i1.11796},
 month = {Apr.},
 number = {1},
 title = {Rainbow: Combining Improvements in Deep Reinforcement Learning},
 url = {https://ojs.aaai.org/index.php/AAAI/article/view/11796},
 volume = {32},
 year = {2018}
}

@article{Hester2012_TEXPLORE,
 author = {Hester, Todd and Stone, Peter},
 doi = {10.1007/s10994-012-5322-7},
 issn = {1573-0565},
 journal = {Machine Learning},
 number = {3},
 pages = {385--429},
 publisher = {Springer Science and Business Media LLC},
 title = {TEXPLORE: real-time sample-efficient reinforcement learning for robots},
 volume = {90},
 year = {2012}
}

@article{Hester2018_DQNfDemo,
 author = {Hester, Todd and Vecerik, Matej and Pietquin, Olivier and Lanctot, Marc and Schaul, Tom and Piot, Bilal and Horgan, Dan and Quan, John and Sendonaris, Andrew and Osband, Ian and Dulac-Arnold, Gabriel and Agapiou, John and Leibo, Joel and Gruslys, Audrunas},
 journal = {Proceedings of the AAAI Conference on Artificial Intelligence},
 number = {1},
 title = {Deep Q-learning From Demonstrations},
 url = {https://ojs.aaai.org/index.php/AAAI/article/view/11757},
 volume = {32},
 year = {2018}
}

@article{Heyes2014_MindReading,
 author = {Heyes, Cecilia M. and Frith, Chris D.},
 doi = {10.1126/science.1243091},
 issn = {1095-9203},
 journal = {Science},
 number = {6190},
 publisher = {American Association for the Advancement of Science (AAAS)},
 title = {The cultural evolution of mind reading},
 volume = {344},
 year = {2014}
}

@inproceedings{Hill2021_Grounded,
 author = {Felix Hill and Olivier Tieleman and Tamara von Glehn and Nathaniel Wong and Hamza Merzic and Stephen Clark},
 booktitle = {International Conference on Learning Representations},
 title = {Grounded Language Learning Fast and Slow},
 url = {https://openreview.net/forum?id=wpSWuz_hyqA},
 year = {2021}
}

@article{Hochreiter1997_LSTM,
 author = {Hochreiter, Sepp and Schmidhuber, Jürgen},
 doi = {10.1162/neco.1997.9.8.1735},
 issn = {1530-888X},
 journal = {Neural Computation},
 number = {8},
 pages = {1735--1780},
 publisher = {MIT Press},
 title = {Long Short-Term Memory},
 volume = {9},
 year = {1997}
}

@article{Hofbauer2002_FictitiousPlay,
 author = {Hofbauer, Josef and Sandholm, William H.},
 doi = {10.1111/j.1468-0262.2002.00440.x},
 groups = {Fictituous Play},
 issn = {1468-0262},
 journal = {Econometrica},
 number = {6},
 pages = {2265--2294},
 publisher = {The Econometric Society},
 title = {On the Global Convergence of Stochastic Fictitious Play},
 volume = {70},
 year = {2002}
}

@inproceedings{Hong2022_RethinkingIGM,
 author = {Hong, Yitian and Jin, Yaochu and Tang, Yang},
 booktitle = {Advances in Neural Information Processing Systems},
 editor = {S. Koyejo and S. Mohamed and A. Agarwal and D. Belgrave and K. Cho and A. Oh},
 pages = {32438--32449},
 publisher = {Curran Associates, Inc.},
 title = {Rethinking Individual Global Max in Cooperative Multi-Agent Reinforcement Learning},
 url = {https://proceedings.neurips.cc/paper_files/paper/2022/file/d112fdd31c830900d1f2e4ccebffb54f-Paper-Conference.pdf},
 volume = {35},
 year = {2022}
}

@inproceedings{Hoshen2017_VAIN,
 address = {Red Hook, NY, USA},
 author = {Hoshen, Yedid},
 booktitle = {Proceedings of the 31st International Conference on Neural Information Processing Systems},
 location = {Long Beach, California, USA},
 numpages = {11},
 pages = {2698–2708},
 publisher = {Curran Associates Inc.},
 series = {NIPS'17},
 title = {VAIN: Attentional Multi-Agent Predictive Modeling},
 url = {https://proceedings.neurips.cc/paper_files/paper/2017/hash/748ba69d3e8d1af87f84fee909eef339-Abstract.html},
 year = {2017}
}

@inproceedings{Hu2019_HierarLang,
 author = {Hu, Hengyuan and Yarats, Denis and Gong, Qucheng and Tian, Yuandong and Lewis, Mike},
 booktitle = {Advances in Neural Information Processing Systems},
 editor = {H. Wallach and H. Larochelle and A. Beygelzimer and F. d\textquotesingle Alch\'{e}-Buc and E. Fox and R. Garnett},
 publisher = {Curran Associates, Inc.},
 title = {Hierarchical Decision Making by Generating and Following Natural Language Instructions},
 url = {https://proceedings.neurips.cc/paper/2019/hash/7967cc8e3ab559e68cc944c44b1cf3e8-Abstract.html},
 volume = {32},
 year = {2019}
}

@inproceedings{Hu2020_SAD,
 author = {Hengyuan Hu and Jakob N Foerster},
 booktitle = {International Conference on Learning Representations},
 title = {Simplified Action Decoder for Deep Multi-Agent Reinforcement Learning},
 url = {https://openreview.net/forum?id=B1xm3RVtwB},
 year = {2020}
}

@inproceedings{Hu2023_PlanGoalExplore,
 author = {Edward S. Hu and Richard Chang and Oleh Rybkin and Dinesh Jayaraman},
 booktitle = {The Eleventh International Conference on Learning Representations},
 title = {Planning Goals for Exploration},
 url = {https://openreview.net/forum?id=6qeBuZSo7Pr},
 year = {2023}
}

@inproceedings{Huang2022_InnerMonol,
 author = {Wenlong Huang and Fei Xia and Ted Xiao and Harris Chan and Jacky Liang and Pete Florence and Andy Zeng and Jonathan Tompson and Igor Mordatch and Yevgen Chebotar and Pierre Sermanet and Tomas Jackson and Noah Brown and Linda Luu and Sergey Levine and Karol Hausman and brian ichter},
 booktitle = {Proceedings of The 6th Conference on Robot Learning},
 editor = {Liu, Karen and Kulic, Dana and Ichnowski, Jeff},
 pages = {1769--1782},
 publisher = {PMLR},
 series = {Proceedings of Machine Learning Research},
 title = {Inner Monologue: Embodied Reasoning through Planning with Language Models},
 url = {https://proceedings.mlr.press/v205/huang23c.html},
 volume = {205},
 year = {2023}
}

@article{Huang2023_GroundDec,
 author = {Huang, Wenlong and Xia, Fei and Shah, Dhruv and Driess, Danny and Zeng, Andy and Lu, Yao and Florence, Pete and Mordatch, Igor and Levine, Sergey and Hausman, Karol and Ichter, Brian},
 doi = {10.48550/ARXIV.2303.00855},
 eprint = {2303.00855},
 note = {arxiv:2303.00855},
 publisher = {arXiv},
 title = {Grounded Decoding: Guiding Text Generation with Grounded Models for Embodied Agents},
 year = {2023}
}

@article{Ibarz2021_Howto,
 author = {Julian Ibarz and Jie Tan and Chelsea Finn and Mrinal Kalakrishnan and Peter Pastor and Sergey Levine},
 doi = {10.1177/0278364920987859},
 journal = {The International Journal of Robotics Research},
 number = {4-5},
 title = {How to train your robot with deep reinforcement learning: lessons we have learned},
 url = {https://doi.org/10.1177/0278364920987859},
 volume = {40},
 year = {2021}
}

@inproceedings{Iqbal2019_MAAC,
 author = {Iqbal, Shariq and Sha, Fei},
 booktitle = {Proceedings of the 36th International Conference on Machine Learning},
 editor = {Chaudhuri, Kamalika and Salakhutdinov, Ruslan},
 month = {09--15 Jun},
 pages = {2961--2970},
 publisher = {PMLR},
 series = {Proceedings of Machine Learning Research},
 title = {Actor-Attention-Critic for Multi-Agent Reinforcement Learning},
 url = {https://proceedings.mlr.press/v97/iqbal19a.html},
 volume = {97},
 year = {2019}
}

@article{Iqbal2019_MultiExplore,
 archiveprefix = {arXiv},
 author = {Shariq Iqbal and Fei Sha},
 eprint = {1905.12127},
 note = {arxiv:1905.12127},
 title = {Coordinated Exploration via Intrinsic Rewards for Multi-Agent Reinforcement Learning},
 url = {https://arxiv.org/abs/1905.12127},
 year = {2019}
}

@inproceedings{Iqbal2021_REFIL,
 author = {Iqbal, Shariq and De Witt, Christian A Schroeder and Peng, Bei and Boehmer, Wendelin and Whiteson, Shimon and Sha, Fei},
 booktitle = {Proceedings of the 38th International Conference on Machine Learning},
 editor = {Meila, Marina and Zhang, Tong},
 pages = {4596--4606},
 publisher = {PMLR},
 series = {Proceedings of Machine Learning Research},
 title = {Randomized Entity-wise Factorization for Multi-Agent Reinforcement Learning},
 url = {http://proceedings.mlr.press/v139/iqbal21a.html},
 volume = {139},
 year = {2021}
}

@article{Jackson2006_AntComm,
 author = {Jackson, Duncan E. and Ratnieks, Francis L.W.},
 doi = {10.1016/j.cub.2006.07.015},
 issn = {0960-9822},
 journal = {Current Biology},
 number = {15},
 pages = {R570--R574},
 publisher = {Elsevier BV},
 title = {Communication in ants},
 volume = {16},
 year = {2006}
}

@article{Jaderberg2018_FTW,
 author = {Max Jaderberg and Wojciech M. Czarnecki and Iain Dunning and Luke Marris and Guy Lever and Antonio Garcia Castaneda and Charles Beattie and Neil C. Rabinowitz and Ari S. Morcos and Avraham Ruderman and Nicolas Sonnerat and Tim Green and Louise Deason and Joel Z. Leibo and David Silver and Demis Hassabis and Koray Kavukcuoglu and Thore Graepel},
 doi = {10.1126/science.aau6249},
 journal = {Science},
 number = {6443},
 pages = {859-865},
 title = {Human-level performance in first-person multiplayer games with population-based deep reinforcement learning},
 volume = {364},
 year = {2019}
}

@inbook{Jakobi1995_RealityGap,
 author = {Jakobi, Nick and Husbands, Phil and Harvey, Inman},
 booktitle = {Advances in Artificial Life},
 doi = {10.1007/3-540-59496-5_337},
 issn = {1611-3349},
 pages = {704--720},
 publisher = {Springer Berlin Heidelberg},
 title = {Noise and the reality gap: The use of simulation in evolutionary robotics},
 year = {1995}
}

@inproceedings{James2019_Sim2Real,
 author = {James, Stephen and Wohlhart, Paul and Kalakrishnan, Mrinal and Kalashnikov, Dmitry and Irpan, Alex and Ibarz, Julian and Levine, Sergey and Hadsell, Raia and Bousmalis, Konstantinos},
 booktitle = {Proceedings of the IEEE/CVF Conference on Computer Vision and Pattern Recognition (CVPR)},
 month = {June},
 title = {Sim-To-Real via Sim-To-Sim: Data-Efficient Robotic Grasping via Randomized-To-Canonical Adaptation Networks},
 url = {https://openaccess.thecvf.com/content_CVPR_2019/html/James_Sim-To-Real_via_Sim-To-Sim_Data-Efficient_Robotic_Grasping_via_Randomized-To-Canonical_Adaptation_Networks_CVPR_2019_paper.html},
 year = {2019}
}

@inproceedings{Jang2017_GumbelSoftmax,
 author = {Eric Jang and Shixiang Gu and Ben Poole},
 booktitle = {International Conference on Learning Representations},
 title = {Categorical Reparameterization with Gumbel-Softmax},
 url = {https://openreview.net/forum?id=rkE3y85ee},
 year = {2017}
}

@inproceedings{Jaques2019_SocialInfluence,
 author = {Natasha Jaques and Angeliki Lazaridou and Edward Hughes and Caglar Gulcehre and Pedro A. Ortega and DJ Strouse and Joel Z. Leibo and Nando de Freitas},
 booktitle = {Proceedings of the 36th International Conference on Machine Learning},
 pages = {3040--3049},
 title = {Social Influence as Intrinsic Motivation for Multi-Agent Deep Reinforcement Learning},
 url = {http://proceedings.mlr.press/v97/jaques19a/jaques19a.pdf},
 volume = {97},
 year = {2019}
}

@inproceedings{Jiang2018_ATOC,
 author = {Jiang, Jiechuan and Lu, Zongqing},
 booktitle = {Advances in Neural Information Processing Systems},
 comment = {ATOC},
 editor = {S. Bengio and H. Wallach and H. Larochelle and K. Grauman and N. Cesa-Bianchi and R. Garnett},
 publisher = {Curran Associates, Inc.},
 title = {Learning Attentional Communication for Multi-Agent Cooperation},
 url = {https://proceedings.neurips.cc/paper/2018/file/6a8018b3a00b69c008601b8becae392b-Paper.pdf},
 volume = {31},
 year = {2018}
}

@inproceedings{Jiang2019_CLEVR,
 author = {Jiang, YiDing and Gu, Shixiang (Shane) and Murphy, Kevin P and Finn, Chelsea},
 booktitle = {Advances in Neural Information Processing Systems},
 editor = {H. Wallach and H. Larochelle and A. Beygelzimer and F. d\textquotesingle Alch\'{e}-Buc and E. Fox and R. Garnett},
 publisher = {Curran Associates, Inc.},
 title = {Language as an Abstraction for Hierarchical Deep Reinforcement Learning},
 url = {https://proceedings.neurips.cc/paper/2019/file/0af787945872196b42c9f73ead2565c8-Paper.pdf},
 volume = {32},
 year = {2019}
}

@inproceedings{Jiang2022_I2Q,
 author = {Jiang, Jiechuan and Lu, Zongqing},
 booktitle = {Advances in Neural Information Processing Systems},
 editor = {S. Koyejo and S. Mohamed and A. Agarwal and D. Belgrave and K. Cho and A. Oh},
 pages = {20469--20481},
 publisher = {Curran Associates, Inc.},
 title = {I2Q: A Fully Decentralized Q-Learning Algorithm},
 url = {https://proceedings.neurips.cc/paper_files/paper/2022/hash/8078e8c3055303a884ffae2d3ea00338-Abstract-Conference.html},
 volume = {35},
 year = {2022}
}

@article{Jiang2024_DecentralizedMARL,
 author = {Jiang, Jiechuan and Su, Kefan and Lu, Zongqing},
 doi = {10.48550/ARXIV.2401.04934},
 note = {arxiv:2401.04934},
 title = {Fully Decentralized Cooperative Multi-Agent Reinforcement Learning: A Survey},
 year = {2024}
}

@inproceedings{Jing2024_OfflineOpponentModel,
 author = {Yuheng Jing and Kai Li and Bingyun Liu and Yifan Zang and Haobo Fu and QIANG FU and Junliang Xing and Jian Cheng},
 booktitle = {The Twelfth International Conference on Learning Representations},
 title = {Towards Offline Opponent Modeling with In-context Learning},
 url = {https://openreview.net/forum?id=2SwHngthig},
 year = {2024}
}

@article{Jordan1991_Bayesian,
 author = {Jordan, J.S},
 doi = {10.1016/0899-8256(91)90005-y},
 issn = {0899-8256},
 journal = {Games and Economic Behavior},
 number = {1},
 pages = {60--81},
 publisher = {Elsevier BV},
 title = {Bayesian learning in normal form games},
 volume = {3},
 year = {1991}
}

@article{Ju2022_Sim2Real,
 author = {Ju, Hao and Juan, Rongshun and Gomez, Randy and Nakamura, Keisuke and Li, Guangliang},
 doi = {10.1038/s42256-022-00573-6},
 issn = {2522-5839},
 journal = {Nature Machine Intelligence},
 number = {12},
 pages = {1077--1087},
 publisher = {Springer Science and Business Media LLC},
 title = {Transferring policy of deep reinforcement learning from simulation to reality for robotics},
 volume = {4},
 year = {2022}
}

@article{Jung2020_TowerConstruct,
 author = {Jung, Malte F. and Difranzo, Dominic and Shen, Solace and Stoll, Brett and Claure, Houston and Lawrence, Austin},
 doi = {10.1145/3394287},
 issn = {2573-9522},
 journal = {ACM Transactions on Human-Robot Interaction},
 number = {1},
 pages = {1--23},
 publisher = {Association for Computing Machinery (ACM)},
 title = {Robot-Assisted Tower Construction—A Method to Study the Impact of a Robot’s Allocation Behavior on Interpersonal Dynamics and Collaboration in Groups},
 volume = {10},
 year = {2020}
}

@article{Kalai1993_Rational,
 author = {Kalai, Ehud and Lehrer, Ehud},
 doi = {10.2307/2951492},
 issn = {0012-9682},
 journal = {Econometrica},
 number = {5},
 pages = {1019},
 publisher = {JSTOR},
 title = {Rational Learning Leads to Nash Equilibrium},
 volume = {61},
 year = {1993}
}

@article{Kaplan2020_ScalingLaws,
 archiveprefix = {arXiv},
 author = {Kaplan, Jared and McCandlish, Sam and Henighan, Tom and Brown, Tom B. and Chess, Benjamin and Child, Rewon and Gray, Scott and Radford, Alec and Wu, Jeffrey and Amodei, Dario},
 doi = {10.48550/ARXIV.2001.08361},
 eprint = {2001.08361},
 note = {arxiv:2001.08361},
 title = {Scaling Laws for Neural Language Models},
 year = {2020}
}

@inproceedings{Kapturowski2018_R2D2,
 author = {Kapturowski, Steven and Ostrovski, Georg and Quan, John and Munos, Remi and Dabney, Will},
 booktitle = {7th International Conference on Learning Representations},
 title = {Recurrent experience replay in distributed reinforcement learning},
 url = {https://openreview.net/forum?id=r1lyTjAqYX},
 year = {2019}
}

@inproceedings{Karten2023_CompoConcept,
 address = {Richland, SC},
 author = {Karten, Seth and Kailas, Siva and Sycara, Katia},
 booktitle = {Proceedings of the 2023 International Conference on Autonomous Agents and Multiagent Systems},
 isbn = {9781450394321},
 location = {, London, United Kingdom,},
 numpages = {3},
 pages = {2391–2393},
 publisher = {International Foundation for Autonomous Agents and Multiagent Systems},
 series = {AAMAS '23},
 title = {Emergent Compositional Concept Communication through Mutual Information in Multi-Agent Teams},
 url = {https://dl.acm.org/doi/abs/10.5555/3545946.3598944},
 year = {2023}
}

@inproceedings{Karten2023_IMGSMAC,
 author = {Karten, Seth and Tucker, Mycal and Kailas, Siva and Sycara, Katia},
 booktitle = {2023 IEEE International Conference on Robotics and Automation (ICRA)},
 doi = {10.1109/ICRA48891.2023.10161322},
 pages = {7191-7197},
 title = {Towards True Lossless Sparse Communication in Multi-Agent Systems},
 year = {2023}
}

@article{Karten2023_InterpretEmComm,
 author = {Karten, Seth and Tucker, Mycal and Li, Huao and Kailas, Siva and Lewis, Michael and Sycara, Katia},
 doi = {10.1109/tcds.2023.3236599},
 journal = {{IEEE} Transactions on Cognitive and Developmental Systems},
 publisher = {Institute of Electrical and Electronics Engineers ({IEEE})},
 title = {Interpretable Learned Emergent Communication for Human-Agent Teams},
 year = {2023}
}

@inproceedings{Kim2018_SchedNet,
 author = {Daewoo Kim and Sangwoo Moon and David Hostallero and Wan Ju Kang and Taeyoung Lee and Kyunghwan Son and Yung Yi},
 booktitle = {International Conference on Learning Representations},
 title = {Learning to Schedule Communication in Multi-agent Reinforcement Learning},
 url = {https://openreview.net/forum?id=SJxu5iR9KQ},
 year = {2019}
}

@article{Kiran2022_DRLDriving,
 author = {Kiran, B Ravi and Sobh, Ibrahim and Talpaert, Victor and Mannion, Patrick and Sallab, Ahmad A. Al and Yogamani, Senthil and Perez, Patrick},
 doi = {10.1109/tits.2021.3054625},
 issn = {1558-0016},
 journal = {IEEE Transactions on Intelligent Transportation Systems},
 number = {6},
 pages = {4909--4926},
 publisher = {Institute of Electrical and Electronics Engineers (IEEE)},
 title = {Deep Reinforcement Learning for Autonomous Driving: A Survey},
 volume = {23},
 year = {2022}
}

@article{Kirby2015_CompressionComm,
 author = {Kirby, Simon and Tamariz, Monica and Cornish, Hannah and Smith, Kenny},
 doi = {10.1016/j.cognition.2015.03.016},
 issn = {0010-0277},
 journal = {Cognition},
 pages = {87--102},
 publisher = {Elsevier BV},
 title = {Compression and communication in the cultural evolution of linguistic structure},
 volume = {141},
 year = {2015}
}

@article{Kirk2023_ZeroShotGene,
 author = {Kirk, Robert and Zhang, Amy and Grefenstette, Edward and Rocktäschel, Tim},
 doi = {10.1613/jair.1.14174},
 issn = {1076-9757},
 journal = {Journal of Artificial Intelligence Research},
 pages = {201--264},
 publisher = {AI Access Foundation},
 title = {A Survey of Zero-shot Generalisation in Deep Reinforcement Learning},
 volume = {76},
 year = {2023}
}

@article{Kiverstein2012_Embodiment,
 author = {Kiverstein, Julian},
 doi = {10.1111/j.1756-8765.2012.01219.x},
 issn = {1756-8765},
 journal = {Topics in Cognitive Science},
 number = {4},
 pages = {740--758},
 publisher = {Wiley},
 title = {The Meaning of Embodiment},
 volume = {4},
 year = {2012}
}

@inproceedings{Koller2018_MBCSafeExp,
 author = {Koller, Torsten and Berkenkamp, Felix and Turchetta, Matteo and Krause, Andreas},
 booktitle = {2018 IEEE Conference on Decision and Control (CDC)},
 doi = {10.1109/cdc.2018.8619572},
 publisher = {IEEE},
 title = {Learning-Based Model Predictive Control for Safe Exploration},
 year = {2018}
}

@inproceedings{Kottur2017_NaturLangEmerg,
 author = {Satwik Kottur and Jos{\'{e}} Moura and Stefan Lee and Dhruv Batra},
 booktitle = {Proceedings of the 2017 Conference on Empirical Methods in Natural Language Processing},
 doi = {10.18653/v1/d17-1321},
 publisher = {Association for Computational Linguistics},
 title = {Natural Language Does Not Emerge `Naturally' in Multi-Agent Dialog},
 year = {2017}
}

@misc{Koul2019_magym,
 author = {Koul, Anurag},
 journal = {GitHub repository},
 publisher = {GitHub},
 title = {ma-gym: Collection of multi-agent environments based on OpenAI gym.},
 url = {https://github.com/koulanurag/ma-gym},
 year = {2019}
}

@inproceedings{Krizhevsky2012_AlexNet,
 author = {Krizhevsky, Alex and Sutskever, Ilya and Hinton, Geoffrey E},
 booktitle = {Advances in Neural Information Processing Systems},
 editor = {F. Pereira and C.J. Burges and L. Bottou and K.Q. Weinberger},
 publisher = {Curran Associates, Inc.},
 title = {ImageNet Classification with Deep Convolutional Neural Networks},
 url = {https://proceedings.neurips.cc/paper_files/paper/2012/file/c399862d3b9d6b76c8436e924a68c45b-Paper.pdf},
 volume = {25},
 year = {2012}
}

@article{Kurach2020_GoogleFoot,
 author = {Kurach, Karol and Raichuk, Anton and Stańczyk, Piotr and Zając, Michał and Bachem, Olivier and Espeholt, Lasse and Riquelme, Carlos and Vincent, Damien and Michalski, Marcin and Bousquet, Olivier and Gelly, Sylvain},
 doi = {10.1609/aaai.v34i04.5878},
 issn = {2159-5399},
 journal = {Proceedings of the AAAI Conference on Artificial Intelligence},
 number = {04},
 pages = {4501--4510},
 publisher = {Association for the Advancement of Artificial Intelligence (AAAI)},
 title = {Google Research Football: A Novel Reinforcement Learning Environment},
 volume = {34},
 year = {2020}
}

@book{Lakoff1999_PhiloInTheFlesh,
 author = {George Lakoff and Mark Johnson},
 doi = {10.1590/S0102-44502001000100008},
 publisher = {New York: Basic Books},
 title = {Philosophy in the Flesh: The embodied mind and its challenge to Western thought},
 year = {1999}
}

@article{Lanctot2023_RockPaperScissors,
 author = {Marc Lanctot and John Schultz and Neil Burch and Max Olan Smith and Daniel Hennes and Thomas Anthony and Julien Perolat},
 issn = {2835-8856},
 journal = {Transactions on Machine Learning Research},
 title = {Population-based Evaluation in Repeated Rock-Paper-Scissors as a Benchmark for Multiagent Reinforcement Learning},
 url = {https://openreview.net/forum?id=gQnJ7ODIAx},
 year = {2023}
}

@phdthesis{Laud2004_Shaping,
 author = {Laud, Adam Daniel},
 school = {University of Illinois at Urbana-Champaign},
 title = {Theory and Application of Reward Shaping in Reinforcement Learning},
 url = {http://hdl.handle.net/2142/10797},
 year = {2004}
}

@inproceedings{Lazaridou2017_EmergNaturalLang,
 author = {Angeliki Lazaridou and Alexander Peysakhovich and Marco Baroni},
 booktitle = {International Conference on Learning Representations},
 title = {Multi-Agent Cooperation and the Emergence of (Natural) Language},
 url = {https://openreview.net/forum?id=Hk8N3Sclg},
 year = {2017}
}

@inproceedings{Lazaridou2018_Emergence,
 author = {Angeliki Lazaridou and Karl Moritz Hermann and Karl Tuyls and Stephen Clark},
 booktitle = {International Conference on Learning Representations (ICLR)},
 title = {Emergence of Linguistic Communication from Referential Games with Symbolic and Pixel Input},
 url = {https://openreview.net/forum?id=HJGv1Z-AW},
 year = {2018}
}

@article{Lazaridou2020_DeepEmergentComm,
 archiveprefix = {arXiv},
 author = {Angeliki Lazaridou and Marco Baroni},
 eprint = {2006.02419},
 note = {arxiv:2006.02419},
 title = {Emergent Multi-Agent Communication in the Deep Learning Era},
 url = {https://arxiv.org/abs/2006.02419},
 year = {2020}
}

@inproceedings{Lazaridou2020_MACNatLang,
 address = {Online},
 author = {Lazaridou, Angeliki and Potapenko, Anna and Tieleman, Olivier},
 booktitle = {Proceedings of the 58th Annual Meeting of the Association for Computational Linguistics},
 doi = {10.18653/v1/2020.acl-main.685},
 pages = {7663--7674},
 publisher = {Association for Computational Linguistics},
 title = {Multi-agent Communication meets Natural Language: Synergies between Functional and Structural Language Learning},
 year = {2020}
}

@inproceedings{Lechner2023_GigaStep,
 author = {Lechner, Mathias and yin, lianhao and Seyde, Tim and Wang, Tsun-Hsuan Johnson and Xiao, Wei and Hasani, Ramin and Rountree, Joshua and Rus, Daniela},
 booktitle = {Advances in Neural Information Processing Systems},
 editor = {A. Oh and T. Naumann and A. Globerson and K. Saenko and M. Hardt and S. Levine},
 pages = {155--170},
 publisher = {Curran Associates, Inc.},
 title = {Gigastep - One Billion Steps per Second Multi-agent Reinforcement Learning},
 url = {https://proceedings.neurips.cc/paper_files/paper/2023/hash/00ba06ba5c324efdfb068865ca44cf0b-Abstract-Datasets_and_Benchmarks.html},
 volume = {36},
 year = {2023}
}

@inproceedings{LeCun1989_CNN,
 author = {LeCun, Yann and Boser, Bernhard and Denker, John and Henderson, Donnie and Howard, R. and Hubbard, Wayne and Jackel, Lawrence},
 booktitle = {Advances in Neural Information Processing Systems},
 editor = {D. Touretzky},
 publisher = {Morgan-Kaufmann},
 title = {Handwritten Digit Recognition with a Back-Propagation Network},
 url = {https://proceedings.neurips.cc/paper_files/paper/1989/file/53c3bce66e43be4f209556518c2fcb54-Paper.pdf},
 volume = {2},
 year = {1989}
}

@inproceedings{Lee2018_EmergentTranslation,
 author = {Jason Lee and Kyunghyun Cho and Jason Weston and Douwe Kiela},
 booktitle = {International Conference on Learning Representations},
 title = {Emergent Translation in Multi-Agent Communication},
 url = {https://openreview.net/forum?id=H1vEXaxA-},
 year = {2018}
}

@inproceedings{Lee2019_CounteringLDrift,
 address = {Hong Kong, China},
 author = {Lee, Jason and Cho, Kyunghyun and Kiela, Douwe},
 booktitle = {Proceedings of the 2019 Conference on Empirical Methods in Natural Language Processing and the 9th International Joint Conference on Natural Language Processing (EMNLP-IJCNLP)},
 doi = {10.18653/v1/D19-1447},
 pages = {4385--4395},
 publisher = {Association for Computational Linguistics},
 title = {Countering Language Drift via Visual Grounding},
 year = {2019}
}

@inproceedings{Lee2019_SLAC,
 author = {Alex X. Lee and Anusha Nagabandi and Pieter Abbeel and Sergey Levine},
 booktitle = {Advances in Neural Information Processing Systems},
 editor = {H. Larochelle and M. Ranzato and R. Hadsell and M.F. Balcan and H. Lin},
 pages = {741--752},
 publisher = {Curran Associates, Inc.},
 title = {Stochastic Latent Actor-Critic: Deep Reinforcement Learning with a Latent Variable Model},
 url = {https://proceedings.neurips.cc/paper_files/paper/2020/file/08058bf500242562c0d031ff830ad094-Paper.pdf},
 volume = {33},
 year = {2019}
}

@inproceedings{lehman2011abandoning,
 author = {Lehman, Joel and Stanley, Kenneth O.},
 booktitle = {Evolutionary Computation},
 doi = {10.1162/EVCO_a_00025},
 pages = {189--223},
 title = {Abandoning objectives: Evolution through the search for novelty alone},
 volume = {19},
 year = {2011}
}

@article{Leike2018_RewardModel,
 archiveprefix = {arXiv},
 author = {Leike, Jan and Krueger, David and Everitt, Tom and Martic, Miljan and Maini, Vishal and Legg, Shane},
 doi = {10.48550/ARXIV.1811.07871},
 eprint = {1811.07871},
 note = {arxiv:1811.07871},
 title = {Scalable agent alignment via reward modeling: a research direction},
 year = {2018}
}

@inproceedings{Leroy2023_IMPMARL,
 author = {Leroy, Pascal and Morato, Pablo G. and Pisane, Jonathan and Kolios, Athanasios and Ernst, Damien},
 booktitle = {Advances in Neural Information Processing Systems},
 editor = {A. Oh and T. Naumann and A. Globerson and K. Saenko and M. Hardt and S. Levine},
 pages = {53522--53551},
 publisher = {Curran Associates, Inc.},
 title = {IMP-MARL: a Suite of Environments for Large-scale Infrastructure Management Planning via MARL},
 url = {https://proceedings.neurips.cc/paper_files/paper/2023/hash/a7a7c0c92f195cce85f99768621ac6c0-Abstract-Datasets_and_Benchmarks.html},
 volume = {36},
 year = {2023}
}

@inproceedings{Levine2013_GPS,
 address = {Atlanta, Georgia, USA},
 author = {Levine, Sergey and Koltun, Vladlen},
 booktitle = {Proceedings of the 30th International Conference on Machine Learning},
 editor = {Dasgupta, Sanjoy and McAllester, David},
 number = {3},
 pages = {1--9},
 publisher = {PMLR},
 series = {Proceedings of Machine Learning Research},
 title = {Guided Policy Search},
 url = {https://proceedings.mlr.press/v28/levine13.html},
 volume = {28},
 year = {2013}
}

@inproceedings{Levine2014_GPS-model,
 author = {Levine, Sergey and Abbeel, Pieter},
 booktitle = {Advances in Neural Information Processing Systems},
 editor = {Z. Ghahramani and M. Welling and C. Cortes and N. Lawrence and K.Q. Weinberger},
 publisher = {Curran Associates, Inc.},
 title = {Learning Neural Network Policies with Guided Policy Search under Unknown Dynamics},
 url = {https://proceedings.neurips.cc/paper_files/paper/2014/file/6766aa2750c19aad2fa1b32f36ed4aee-Paper.pdf},
 volume = {27},
 year = {2014}
}

@book{Lewis1969_Convention,
 author = {David Lewis},
 publisher = {Harvard University Press},
 title = {Convention: A Philosophical Study},
 url = {https://eclass.upatras.gr/modules/document/file.php/CEID1184/0 Γενικά/David Lewis - Convention_ A Philosophical Study (2002, Wiley-Blackwell).pdf},
 year = {1969}
}

@inproceedings{Lewis2017_Deal,
 author = {Lewis, Mike and Yarats, Denis and Dauphin, Yann and Parikh, Devi and Batra, Dhruv},
 booktitle = {Proceedings of the 2017 Conference on Empirical Methods in Natural Language Processing},
 doi = {10.18653/v1/d17-1259},
 publisher = {Association for Computational Linguistics},
 title = {Deal or No Deal? End-to-End Learning of Negotiation Dialogues},
 year = {2017}
}

@book{LeytonBrown2008_GameTheory,
 author = {Leyton-Brown, Kevin and Shoham, Yoav},
 doi = {10.1007/978-3-031-01545-8},
 journal = {Synthesis Lectures on Artificial Intelligence and Machine Learning},
 publisher = {Springer International Publishing},
 title = {Essentials of Game Theory: A Concise, Multidisciplinary Introduction},
 year = {2008}
}

@inproceedings{Li2021_DeepImpCoordGraphs,
 author = {Sheng Li and Jayesh K. Gupta and Peter Morales and Ross Allen and Mykel J. Kochenderfer},
 booktitle = {Proceedings of the 20th International Conference on Autonomous Agents and MultiAgent Systems},
 pages = {764–772},
 title = {Deep Implicit Coordination Graphs for Multi-agent Reinforcement Learning},
 url = {https://dl.acm.org/doi/abs/10.5555/3463952.3464044},
 year = {2021}
}

@inproceedings{Li2022_EmDicrComm,
 author = {Sheng Li and Yutai Zhou and Ross Allen and Mykel J. Kochenderfer},
 booktitle = {2022 International Conference on Robotics and Automation ({ICRA})},
 doi = {10.1109/icra46639.2022.9812285},
 publisher = {{IEEE}},
 title = {Learning Emergent Discrete Message Communication for Cooperative Reinforcement Learning},
 year = {2022}
}

@article{Li2022_LID,
 author = {Li, Shuang and Puig, Xavier and Paxton, Chris and Du, Yilun and Wang, Clinton and Fan, Linxi and Chen, Tao and Huang, De-An and Aky\"{u}rek, Ekin and Anandkumar, Anima and Andreas, Jacob and Mordatch, Igor and Torralba, Antonio and Zhu, Yuke},
 booktitle = {Advances in Neural Information Processing Systems},
 editor = {S. Koyejo and S. Mohamed and A. Agarwal and D. Belgrave and K. Cho and A. Oh},
 pages = {31199--31212},
 publisher = {Curran Associates, Inc.},
 title = {Pre-Trained Language Models for Interactive Decision-Making},
 url = {https://proceedings.neurips.cc/paper_files/paper/2022/hash/ca3b1f24fc0238edf5ed1ad226b9d655-Abstract-Conference.html},
 volume = {35},
 year = {2022}
}

@inproceedings{Li2023_CAMEL,
 author = {Li, Guohao and Hammoud, Hasan and Itani, Hani and Khizbullin, Dmitrii and Ghanem, Bernard},
 booktitle = {Advances in Neural Information Processing Systems},
 editor = {A. Oh and T. Neumann and A. Globerson and K. Saenko and M. Hardt and S. Levine},
 pages = {51991--52008},
 publisher = {Curran Associates, Inc.},
 title = {CAMEL: Communicative Agents for "Mind" Exploration of Large Language Model Society},
 url = {https://proceedings.neurips.cc/paper_files/paper/2023/file/a3621ee907def47c1b952ade25c67698-Paper-Conference.pdf},
 volume = {36},
 year = {2023}
}

@inproceedings{Li2023_COIN,
 author = {Li, Jiahui and Kuang, Kun and Wang, Baoxiang and Li, Xingchen and Wu, Fei and Xiao, Jun and Chen, Long},
 booktitle = {Advances in Neural Information Processing Systems},
 editor = {A. Oh and T. Neumann and A. Globerson and K. Saenko and M. Hardt and S. Levine},
 pages = {20038--20053},
 publisher = {Curran Associates, Inc.},
 title = {Two Heads are Better Than One: A Simple Exploration Framework for Efficient Multi-Agent Reinforcement Learning},
 url = {https://proceedings.neurips.cc/paper_files/paper/2023/hash/3fa2d2b637122007845a2fbb7c21453b-Abstract-Conference.html},
 volume = {36},
 year = {2023}
}

@inproceedings{Li2023_ToMLLM,
 author = {Li, Huao and Chong, Yu and Stepputtis, Simon and Campbell, Joseph and Hughes, Dana and Lewis, Charles and Sycara, Katia},
 booktitle = {Proceedings of the 2023 Conference on Empirical Methods in Natural Language Processing},
 doi = {10.18653/v1/2023.emnlp-main.13},
 publisher = {Association for Computational Linguistics},
 title = {Theory of Mind for Multi-Agent Collaboration via Large Language Models},
 year = {2023}
}

@article{Lillicrap2015_DDPG,
 archiveprefix = {arXiv},
 author = {Timothy P. Lillicrap and Jonathan J. Hunt and Alexander Pritzel and Nicolas Heess and Tom Erez and Yuval Tassa and David Silver and Daan Wierstra},
 eprint = {1509.02971},
 note = {arxiv:1509.02971},
 title = {Continuous control with deep reinforcement learning},
 url = {https://arxiv.org/abs/1509.02971},
 year = {2015}
}

@phdthesis{Lin1992_ExperienceReplay,
 author = {Lin, Long-Ji},
 publisher = {Carnegie Mellon University},
 title = {Reinforcement learning for robots using neural networks},
 url = {https://apps.dtic.mil/sti/tr/pdf/ADA261434.pdf},
 year = {1992}
}

@inproceedings{Lin2021_GroundMAC,
 author = {Toru Lin and Minyoung Huh and Chris Stauffer and Ser-Nam Lim and Phillip Isola},
 booktitle = {Advances in Neural Information Processing Systems},
 title = {Learning to Ground Multi-Agent Communication with Autoencoders},
 url = {https://proceedings.neurips.cc/paper_files/paper/2021/hash/80fee67c8a4c4989bf8a580b4bbb0cd2-Abstract.html},
 year = {2021}
}

@article{Lin2023_Dynalang,
 author = {Lin, Jessy and Du, Yuqing and Watkins, Olivia and Hafner, Danijar and Abbeel, Pieter and Klein, Dan and Dragan, Anca},
 doi = {10.48550/ARXIV.2308.01399},
 eprint = {2308.01399},
 note = {arxiv:2308.01399},
 publisher = {arXiv},
 title = {Learning to Model the World with Language},
 year = {2023}
}

@inproceedings{Liu2019_CoordThroughComp,
 author = {Siqi Liu and Guy Lever and Josh Merel and Saran Tunyasuvunakool and Nicolas Heess and Thore Graepel},
 booktitle = {International Conference on Learning Representations},
 title = {Emergent Coordination Through Competition},
 url = {https://openreview.net/forum?id=BkG8sjR5Km},
 year = {2019}
}

@inproceedings{Liu2019_MTAN,
 author = {Liu, Shikun and Johns, Edward and Davison, Andrew J.},
 booktitle = {Proceedings of the IEEE/CVF Conference on Computer Vision and Pattern Recognition (CVPR)},
 title = {End-To-End Multi-Task Learning With Attention},
 url = {https://openaccess.thecvf.com/content_CVPR_2019/html/Liu_End-To-End_Multi-Task_Learning_With_Attention_CVPR_2019_paper.html},
 year = {2019}
}

@inproceedings{Liu2021_CMAE,
 author = {Liu, Iou-Jen and Jain, Unnat and Yeh, Raymond A and Schwing, Alexander},
 booktitle = {Proceedings of the 38th International Conference on Machine Learning},
 editor = {Meila, Marina and Zhang, Tong},
 pages = {6826--6836},
 publisher = {PMLR},
 series = {Proceedings of Machine Learning Research},
 title = {Cooperative Exploration for Multi-Agent Deep Reinforcement Learning},
 url = {https://proceedings.mlr.press/v139/liu21j.html},
 volume = {139},
 year = {2021}
}

@article{Liu2022_ChildChatbotReading,
 author = {Liu, Chen-Chung and Liao, Mo-Gang and Chang, Chia-Hui and Lin, Hung-Ming},
 doi = {10.1016/j.compedu.2022.104576},
 issn = {0360-1315},
 journal = {Computers \& Education},
 pages = {104576},
 publisher = {Elsevier BV},
 title = {An analysis of children’ interaction with an AI chatbot and its impact on their interest in reading},
 volume = {189},
 year = {2022}
}

@inproceedings{Liu2024_HLA,
 author = {Liu, Jijia and Yu, Chao and Gao, Jiaxuan and Xie, Yuqing and Liao, Qingmin and Wu, Yi and Wang, Yu},
 booktitle = {International Conference on Autonomous Agents and Multiagent Systems},
 title = {LLM-Powered Hierarchical Language Agent for Real-time Human-AI Coordination},
 url = {https://www.ifaamas.org/Proceedings/aamas2024/pdfs/p1219.pdf},
 year = {2024}
}

@inproceedings{Lowe2017_MADDPG,
 author = {Lowe, Ryan and Wu, Yi and Tamar, Aviv and Harb, Jean and Abbeel, Pieter and Mordatch, Igor},
 booktitle = {Advances in Neural Information Processing Systems},
 pages = {1-12},
 title = {Multi-Agent Actor-Critic for Mixed Cooperative-Competitive Environments},
 url = {https://proceedings.neurips.cc/paper/2017/hash/68a9750337a418a86fe06c1991a1d64c-Abstract.html},
 volume = {30},
 year = {2017}
}

@inproceedings{Lowe2019_Pitfalls,
 address = {Richland, SC},
 author = {Lowe, Ryan and Foerster, Jakob and Boureau, Y-Lan and Pineau, Joelle and Dauphin, Yann},
 booktitle = {Proceedings of the 18th International Conference on Autonomous Agents and MultiAgent Systems},
 location = {Montreal QC, Canada},
 numpages = {9},
 pages = {693–701},
 publisher = {International Foundation for Autonomous Agents and Multiagent Systems},
 series = {AAMAS '19},
 title = {On the Pitfalls of Measuring Emergent Communication},
 url = {https://dl.acm.org/doi/abs/10.5555/3306127.3331757},
 year = {2019}
}

@inproceedings{Lowe2020_S2P,
 author = {Ryan Lowe and Abhinav Gupta and Jakob Foerster and Douwe Kiela and Joelle Pineau},
 booktitle = {International Conference on Learning Representations},
 title = {On the interaction between supervision and self-play in emergent communication},
 url = {https://openreview.net/forum?id=rJxGLlBtwH},
 year = {2020}
}

@inproceedings{Lu2020_CounterLangDrift,
 author = {Lu, Yuchen and Singhal, Soumye and Strub, Florian and Courville, Aaron and Pietquin, Olivier},
 booktitle = {Proceedings of the 37th International Conference on Machine Learning},
 editor = {III, Hal Daumé and Singh, Aarti},
 pages = {6437--6447},
 publisher = {PMLR},
 series = {Proceedings of Machine Learning Research},
 title = {Countering Language Drift with Seeded Iterated Learning},
 url = {https://proceedings.mlr.press/v119/lu20c.html},
 volume = {119},
 year = {2020}
}

@inproceedings{Luketina2019_Language,
 author = {Luketina, Jelena and Nardelli, Nantas and Farquhar, Gregory and Foerster, Jakob and Andreas, Jacob and Grefenstette, Edward and Whiteson, Shimon and Rocktäschel, Tim},
 booktitle = {Proceedings of the Twenty-Eighth International Joint Conference on Artificial Intelligence, {IJCAI-19}},
 doi = {10.24963/ijcai.2019/880},
 month = {7},
 pages = {6309--6317},
 publisher = {International Joint Conferences on Artificial Intelligence Organization},
 title = {A Survey of Reinforcement Learning Informed by Natural Language},
 url = {https://doi.org/10.24963/ijcai.2019/880},
 year = {2019}
}

@inproceedings{Lupu2021_TrajeDi,
 author = {Lupu, Andrei and Cui, Brandon and Hu, Hengyuan and Foerster, Jakob},
 booktitle = {Proceedings of the 38th International Conference on Machine Learning},
 pages = {7204--7213},
 title = {Trajectory Diversity for Zero-Shot Coordination},
 url = {https://proceedings.mlr.press/v139/lupu21a.html},
 volume = {139},
 year = {2021}
}

@incollection{Lupyan2012_WhatWordsDo,
 author = {Gary Lupyan},
 booktitle = {The Psychology of Learning and Motivation},
 editor = {Brian H. Ross},
 pages = {255-297},
 publisher = {Academic Press},
 series = {Psychology of Learning and Motivation},
 title = {What Do Words Do? Toward a Theory of Language-Augmented Thought},
 url = {https://www.sciencedirect.com/science/article/pii/B9780123942937000078},
 volume = {57},
 year = {2012}
}

@article{Lynch2021_MCIL,
 author = {Corey Lynch and Pierre Sermanet},
 journal = {Robotics: Science and Systems},
 title = {Language Conditioned Imitation Learning over Unstructured Data},
 url = {https://www.roboticsproceedings.org/rss17/p047.pdf},
 year = {2021}
}

@inproceedings{Lyu2021_DecentralisedCritic,
 address = {Richland, SC},
 author = {Lyu, Xueguang and Xiao, Yuchen and Daley, Brett and Amato, Christopher},
 booktitle = {Proceedings of the 20th International Conference on Autonomous Agents and MultiAgent Systems},
 location = {Virtual Event, United Kingdom},
 numpages = {9},
 pages = {844–852},
 publisher = {International Foundation for Autonomous Agents and Multiagent Systems},
 series = {AAMAS '21},
 title = {Contrasting Centralized and Decentralized Critics in Multi-Agent Reinforcement Learning},
 url = {https://dl.acm.org/doi/10.5555/3463952.3464053},
 year = {2021}
}

@article{Lyu2023_CentralisedCritics,
 author = {Lyu, Xueguang and Baisero, Andrea and Xiao, Yuchen and Daley, Brett and Amato, Christopher},
 doi = {10.1613/jair.1.14386},
 issn = {1076-9757},
 journal = {Journal of Artificial Intelligence Research},
 pages = {295--354},
 publisher = {AI Access Foundation},
 title = {On Centralized Critics in Multi-Agent Reinforcement Learning},
 volume = {77},
 year = {2023}
}

@inproceedings{Ma2022_ELIGN,
 author = {Zixian Ma and Rose E Wang and Li Fei-Fei and Michael S. Bernstein and Ranjay Krishna},
 booktitle = {Advances in Neural Information Processing Systems},
 pages = {8304-8317},
 title = {{ELIGN}: Expectation Alignment as a Multi-Agent Intrinsic Reward},
 url = {https://proceedings.neurips.cc/paper_files/paper/2022/hash/3753163b089e405ef10302698cd9a7fc-Abstract-Conference.html},
 volume = {35},
 year = {2022}
}

@article{Macenski2022_ROS,
 author = {Steven Macenski  and Tully Foote  and Brian Gerkey  and Chris Lalancette  and William Woodall },
 doi = {10.1126/scirobotics.abm6074},
 journal = {Science Robotics},
 number = {66},
 pages = {eabm6074},
 title = {Robot Operating System 2: Design, architecture, and uses in the wild},
 url = {https://www.science.org/doi/abs/10.1126/scirobotics.abm6074},
 volume = {7},
 year = {2022}
}

@inproceedings{Mahajan2019_MAVEN,
 author = {Mahajan, Anuj and Rashid, Tabish and Samvelyan, Mikayel and Whiteson, Shimon},
 booktitle = {Advances in Neural Information Processing Systems},
 title = {{MAVEN}: Multi-Agent Variational Exploration},
 url = {https://proceedings.neurips.cc/paper/2019/file/f816dc0acface7498e10496222e9db10-Paper.pdf},
 volume = {32},
 year = {2019}
}

@article{Michalak2014_ShapleyEffComp,
 author = {Tomasz Pawel Michalak and Karthik V Aadithya and Piotr L. Szczepanski and Balaraman Ravindran and Nicholas R. Jennings},
 doi = {10.1613/jair.3806},
 journal = {Journal Of Artificial Intelligence Research, Volume 46, pages 607-650, 2013},
 title = {Efficient Computation of the Shapley Value for Game-Theoretic Network Centrality},
 year = {2014}
}

@article{Michalski2023_SMACLite,
 archiveprefix = {arXiv},
 author = {Michalski, Adam and Christianos, Filippos and Albrecht, Stefano V.},
 doi = {10.48550/ARXIV.2305.05566},
 eprint = {2305.05566},
 note = {arxiv:2305.05566},
 publisher = {arXiv},
 title = {SMAClite: A Lightweight Environment for Multi-Agent Reinforcement Learning},
 year = {2023}
}

@article{Michie1968_Boxes,
 author = {Michie, Donald and Chambers, Roger A},
 journal = {Machine intelligence},
 number = {2},
 pages = {137--152},
 publisher = {Citeseer},
 title = {BOXES: An experiment in adaptive control},
 url = {https://citeseerx.ist.psu.edu/document?repid=rep1&type=pdf&doi=2f027193fb703d0af58ec382bd1438daff9417d7},
 volume = {2},
 year = {1968}
}

@article{Mikolov2013_Embedding,
 author = {Mikolov, Tomas and Chen, Kai and Corrado, Greg and Dean, Jeffrey},
 doi = {10.48550/ARXIV.1301.3781},
 note = {arxiv:1301.3781},
 title = {Efficient Estimation of Word Representations in Vector Space},
 year = {2013}
}

@inbook{Mikolov2018_RoadmapMachineIntell,
 author = {Mikolov, Tomas and Joulin, Armand and Baroni, Marco},
 booktitle = {Lecture Notes in Computer Science},
 doi = {10.1007/978-3-319-75477-2_2},
 isbn = {9783319754772},
 issn = {1611-3349},
 pages = {29--61},
 publisher = {Springer International Publishing},
 title = {A Roadmap Towards Machine Intelligence},
 year = {2018}
}

@article{Minsky1961,
 author = {Minsky, Marvin},
 doi = {10.1109/jrproc.1961.287775},
 issn = {0096-8390},
 journal = {Proceedings of the IRE},
 number = {1},
 pages = {8--30},
 publisher = {Institute of Electrical and Electronics Engineers (IEEE)},
 title = {Steps toward Artificial Intelligence},
 volume = {49},
 year = {1961}
}

@inproceedings{Mitchell2021_Harder,
 author = {Mitchell, Melanie},
 booktitle = {Proceedings of the Genetic and Evolutionary Computation Conference},
 doi = {10.1145/3449639.3465421},
 publisher = {ACM},
 series = {GECCO ’21},
 title = {Why AI is harder than we think},
 year = {2021}
}

@article{Mnih2013_DQN,
 archiveprefix = {arXiv},
 author = {Volodymyr Mnih and Koray Kavukcuoglu and David Silver and Alex Graves and Ioannis Antonoglou and Daan Wierstra and Martin Riedmiller},
 eprint = {1312.5602},
 note = {arxiv:1312.5602},
 title = {Playing Atari with Deep Reinforcement Learning},
 url = {https://arxiv.org/abs/1312.5602},
 year = {2013}
}

@article{Mnih2015_DQN,
 author = {Volodymyr Mnih and Koray Kavukcuoglu and David Silver and Andrei A. Rusu and Joel Veness and Marc G. Bellemare and Alex Graves and Martin A. Riedmiller and Andreas Fidjeland and Georg Ostrovski and Stig Petersen and Charles Beattie and Amir Sadik and Ioannis Antonoglou and Helen King and Dharshan Kumaran and Daan Wierstra and Shane Legg and Demis Hassabis},
 doi = {10.1038/nature14236},
 journal = {Nature 518},
 number = {7540},
 pages = {529--533},
 title = {Human-level control through deep reinforcement learning},
 volume = {518},
 year = {2015}
}

@article{Moerland2023_ModelRL,
 author = {Moerland, Thomas M. and Broekens, Joost and Plaat, Aske and Jonker, Catholijn M.},
 doi = {10.1561/2200000086},
 issn = {1935-8245},
 journal = {Foundations and Trends® in Machine Learning},
 number = {1},
 pages = {1--118},
 publisher = {Now Publishers},
 title = {Model-based Reinforcement Learning: A Survey},
 volume = {16},
 year = {2023}
}

@article{Montague2012_Psych,
 author = {Montague, P. Read and Dolan, Raymond J. and Friston, Karl J. and Dayan, Peter},
 doi = {10.1016/j.tics.2011.11.018},
 issn = {1364-6613},
 journal = {Trends in Cognitive Sciences},
 number = {1},
 pages = {72--80},
 publisher = {Elsevier BV},
 title = {Computational psychiatry},
 volume = {16},
 year = {2012}
}

@inproceedings{Mordatch2018_GroundedCompo,
 author = {Igor Mordatch and Pieter Abbeel},
 booktitle = {Proceedings of the AAAI Conference on Artificial Intelligence},
 pages = {1495-1502},
 title = {Emergence of Grounded Compositional Language in Multi-Agent Populations},
 url = {https://aaai.org/papers/11492-emergence-of-grounded-compositional-language-in-multi-agent-populations/},
 volume = {32},
 year = {2018}
}
