@inproceedings{Nachum2020_HierchicalSim2Real,
 author = {Nachum, Ofir and Ahn, Michael and Ponte, Hugo and Gu, Shixiang (Shane) and Kumar, Vikash},
 booktitle = {Proceedings of the Conference on Robot Learning},
 editor = {Kaelbling, Leslie Pack and Kragic, Danica and Sugiura, Komei},
 pages = {110--121},
 publisher = {PMLR},
 series = {Proceedings of Machine Learning Research},
 title = {Multi-Agent Manipulation via Locomotion using Hierarchical Sim2Real},
 url = {https://proceedings.mlr.press/v100/nachum20a.html},
 volume = {100},
 year = {2020}
}

@article{Nair2021_LORL,
 author = {Suraj Nair and Eric Mitchell and Kevin Chen and Brian Ichter and Silvio Savarese and Chelsea Finn},
 journal = {Proceedings of the 5th Conference on Robot Learning},
 title = {Learning Language-Conditioned Robot Behavior from Offline Data and Crowd-Sourced Annotation},
 url = {https://proceedings.mlr.press/v164/nair22a.html},
 year = {2022}
}

@article{Narasimhan2018_Transfer,
 author = {Karthik Narasimhan and Regina Barzilay and Tommi Jaakkola},
 doi = {10.1613/jair.1.11263},
 journal = {Journal of Artificial Intelligence Research},
 pages = {849--874},
 publisher = {{AI} Access Foundation},
 title = {Grounding Language for Transfer in Deep Reinforcement Learning},
 volume = {63},
 year = {2018}
}

@article{Narendra1990_NNSystemIdent,
 author = {Narendra, K.S. and Parthasarathy, K.},
 doi = {10.1109/72.80202},
 issn = {1045-9227},
 journal = {IEEE Transactions on Neural Networks},
 number = {1},
 pages = {4--27},
 publisher = {Institute of Electrical and Electronics Engineers (IEEE)},
 title = {Identification and control of dynamical systems using neural networks},
 volume = {1},
 year = {1990}
}

@article{Nash1950,
 author = {Nash, John F.},
 doi = {10.1073/pnas.36.1.48},
 issn = {1091-6490},
 journal = {Proceedings of the National Academy of Sciences},
 number = {1},
 pages = {48--49},
 publisher = {Proceedings of the National Academy of Sciences},
 title = {Equilibrium points in n-person games},
 volume = {36},
 year = {1950}
}

@article{Nevens2020_ConceptLearn,
 author = {Nevens, Jens and Van Eecke, Paul and Beuls, Katrien},
 doi = {10.3389/frobt.2020.00084},
 issn = {2296-9144},
 journal = {Frontiers in Robotics and AI},
 title = {From Continuous Observations to Symbolic Concepts: A Discrimination-Based Strategy for Grounded Concept Learning},
 volume = {7},
 year = {2020}
}

@inproceedings{Ng1999_Shaping,
 address = {San Francisco, CA, USA},
 author = {Ng, Andrew Y. and Harada, Daishi and Russell, Stuart J.},
 booktitle = {Proceedings of the Sixteenth International Conference on Machine Learning},
 pages = {278–287},
 publisher = {Morgan Kaufmann Publishers Inc.},
 series = {ICML '99},
 title = {Policy Invariance Under Reward Transformations: Theory and Application to Reward Shaping},
 url = {https://dl.acm.org/doi/10.5555/645528.657613},
 year = {1999}
}

@inproceedings{Nottingham2023_DECKARD,
 author = {Nottingham, Kolby and Ammanabrolu, Prithviraj and Suhr, Alane and Choi, Yejin and Hajishirzi, Hannaneh and Singh, Sameer and Fox, Roy},
 booktitle = {Proceedings of the 40th International Conference on Machine Learning},
 editor = {Krause, Andreas and Brunskill, Emma and Cho, Kyunghyun and Engelhardt, Barbara and Sabato, Sivan and Scarlett, Jonathan},
 pages = {26311--26325},
 publisher = {PMLR},
 series = {Proceedings of Machine Learning Research},
 title = {Do Embodied Agents Dream of Pixelated Sheep: Embodied Decision Making using Language Guided World Modelling},
 url = {https://proceedings.mlr.press/v202/nottingham23a.html},
 volume = {202},
 year = {2023}
}

@article{Nowak1999_LanguageEvo,
 author = {Nowak, Martin A. and Krakauer, David C.},
 doi = {10.1073/pnas.96.14.8028},
 issn = {1091-6490},
 journal = {Proceedings of the National Academy of Sciences},
 number = {14},
 pages = {8028--8033},
 publisher = {Proceedings of the National Academy of Sciences},
 title = {The evolution of language},
 volume = {96},
 year = {1999}
}

@inbook{Nowé2012_GameTheory,
 address = {Berlin, Heidelberg},
 author = {Now{\'e}, Ann and Vrancx, Peter and De Hauwere, Yann-Micha{\"e}l},
 booktitle = {Reinforcement Learning: State-of-the-Art},
 doi = {10.1007/978-3-642-27645-3_14},
 editor = {Wiering, Marco and van Otterlo, Martijn},
 isbn = {978-3-642-27645-3},
 pages = {441--470},
 publisher = {Springer Berlin Heidelberg},
 title = {Game Theory and Multi-agent Reinforcement Learning},
 url = {https://doi.org/10.1007/978-3-642-27645-3_14},
 year = {2012}
}

@inproceedings{Oh2015_DeepModel,
 author = {Oh, Junhyuk and Guo, Xiaoxiao and Lee, Honglak and Lewis, Richard L and Singh, Satinder},
 booktitle = {Advances in Neural Information Processing Systems},
 editor = {C. Cortes and N. Lawrence and D. Lee and M. Sugiyama and R. Garnett},
 publisher = {Curran Associates, Inc.},
 title = {Action-Conditional Video Prediction using Deep Networks in Atari Games},
 url = {https://proceedings.neurips.cc/paper_files/paper/2015/file/6ba3af5d7b2790e73f0de32e5c8c1798-Paper.pdf},
 volume = {28},
 year = {2015}
}

@inproceedings{Oh2016_Minecraft,
 address = {New York, New York, USA},
 author = {Oh, Junhyuk and Chockalingam, Valliappa and Singh, Satinder and Lee, Honglak},
 booktitle = {Proceedings of The 33rd International Conference on Machine Learning},
 editor = {Balcan, Maria Florina and Weinberger, Kilian Q.},
 month = {20--22 Jun},
 pages = {2790--2799},
 publisher = {PMLR},
 series = {Proceedings of Machine Learning Research},
 title = {Control of Memory, Active Perception, and Action in Minecraft},
 url = {http://proceedings.mlr.press/v48/oh16.html},
 volume = {48},
 year = {2016}
}

@book{Oliehoek2016_DecPOMDP,
 author = {Oliehoek, Frans A. and Amato, Christopher},
 publisher = {Springer},
 title = {A Concise Introduction to Decentralized POMDPs},
 url = {https://www.ccis.northeastern.edu/home/camato/publications/OliehoekAmato16book.pdf},
 year = {2016}
}

@inproceedings{Omidshafiei2017_DecentrMultiTask,
 address = {International Convention Centre, Sydney, Australia},
 author = {Shayegan Omidshafiei and Jason Pazis and Christopher Amato and Jonathan P. How and John Vian},
 booktitle = {Proceedings of the 34th International Conference on Machine Learning},
 editor = {Doina Precup and Yee Whye Teh},
 pages = {2681--2690},
 publisher = {PMLR},
 series = {Proceedings of Machine Learning Research},
 title = {Deep Decentralized Multi-task Multi-Agent Reinforcement Learning under Partial Observability},
 url = {http://proceedings.mlr.press/v70/omidshafiei17a.html},
 volume = {70},
 year = {2017}
}

@article{Oord2018_Contrastive,
 archiveprefix = {arXiv},
 author = {Oord, Aaron van den and Li, Yazhe and Vinyals, Oriol},
 doi = {10.48550/ARXIV.1807.03748},
 eprint = {1807.03748},
 note = {arxiv:1807.03748},
 publisher = {arXiv},
 title = {Representation Learning with Contrastive Predictive Coding},
 year = {2018}
}

@article{OpenAI2019_DOTA2,
 author = {OpenAI and Christopher Berner and Greg Brockman and Brooke Chan and Vicki Cheung and Przemysław Dębiak and Christy Dennison and David Farhi and Quirin Fischer and Shariq Hashme and Chris Hesse and Rafal Józefowicz and Scott Gray and Catherine Olsson and Jakub Pachocki and Michael Petrov and Henrique P. d. O. Pinto and Jonathan Raiman and Tim Salimans and Jeremy Schlatter and Jonas Schneider and Szymon Sidor and Ilya Sutskever and Jie Tang and Filip Wolski and Susan Zhang},
 note = {arXiv:1912.06680},
 title = {Dota 2 with Large Scale Deep Reinforcement Learning},
 url = {https://arxiv.org/abs/1912.06680},
 year = {2019}
}

@article{OpenAI2020_DextHandManip,
 author = {OpenAI: Marcin Andrychowicz and Bowen Baker and Maciek Chociej and Rafal Józefowicz and Bob McGrew and Jakub Pachocki and Arthur Petron and Matthias Plappert and Glenn Powell and Alex Ray and Jonas Schneider and Szymon Sidor and Josh Tobin and Peter Welinder and Lilian Weng and Wojciech Zaremba},
 doi = {10.1177/0278364919887447},
 journal = {The International Journal of Robotics Research},
 number = {1},
 pages = {3-20},
 title = {Learning dexterous in-hand manipulation},
 url = {https://doi.org/10.1177/0278364919887447},
 volume = {39},
 year = {2020}
}

@article{Orr2023_MADRLRobots,
 author = {Orr, James and Dutta, Ayan},
 doi = {10.3390/s23073625},
 issn = {1424-8220},
 journal = {Sensors},
 number = {7},
 pages = {3625},
 publisher = {MDPI AG},
 title = {Multi-Agent Deep Reinforcement Learning for Multi-Robot Applications: A Survey},
 volume = {23},
 year = {2023}
}

@inproceedings{Osband2016_BootstrappedDQN,
 author = {Osband, Ian and Blundell, Charles and Pritzel, Alexander and Van Roy, Benjamin},
 booktitle = {Advances in Neural Information Processing Systems},
 editor = {D. Lee and M. Sugiyama and U. Luxburg and I. Guyon and R. Garnett},
 publisher = {Curran Associates, Inc.},
 title = {Deep Exploration via Bootstrapped DQN},
 url = {https://proceedings.neurips.cc/paper/2016/hash/8d8818c8e140c64c743113f563cf750f-Abstract.html},
 volume = {29},
 year = {2016}
}

@inproceedings{Osband2018_RandomizedValue,
 author = {Osband, Ian and Aslanides, John and Cassirer, Albin},
 booktitle = {Advances in Neural Information Processing Systems},
 editor = {S. Bengio and H. Wallach and H. Larochelle and K. Grauman and N. Cesa-Bianchi and R. Garnett},
 publisher = {Curran Associates, Inc.},
 title = {Randomized Prior Functions for Deep Reinforcement Learning},
 url = {https://proceedings.neurips.cc/paper/2018/hash/5a7b238ba0f6502e5d6be14424b20ded-Abstract.html},
 volume = {31},
 year = {2018}
}

@inproceedings{Ostrovski2017_PseudoCounts,
 author = {Georg Ostrovski and Marc G. Bellemare and A{\"a}ron van den Oord and R{\'e}mi Munos},
 booktitle = {Proceedings of the 34th International Conference on Machine Learning},
 month = {06--11 Aug},
 pages = {2721--2730},
 title = {Count-Based Exploration with Neural Density Models},
 url = {https://proceedings.mlr.press/v70/ostrovski17a.html},
 volume = {70},
 year = {2017}
}

@inproceedings{Oudeyer2007_IntrMotiv,
 author = {Oudeyer, Pierre-Yves and Kaplan, Frederic},
 booktitle = {Frontiers in neurorobotics},
 pages = {6},
 title = {What is Intrinsic Motivation? A Typology of Computational Approaches},
  doi      = {10.3389/neuro.12.006.2007},
 volume = {1},
 year = {2007}
}

@inproceedings{Ouyang2022_InstructGPT,
 author = {Ouyang, Long and Wu, Jeffrey and Jiang, Xu and Almeida, Diogo and Wainwright, Carroll and Mishkin, Pamela and Zhang, Chong and Agarwal, Sandhini and Slama, Katarina and Ray, Alex and Schulman, John and Hilton, Jacob and Kelton, Fraser and Miller, Luke and Simens, Maddie and Askell, Amanda and Welinder, Peter and Christiano, Paul F and Leike, Jan and Lowe, Ryan},
 booktitle = {Advances in Neural Information Processing Systems},
 editor = {S. Koyejo and S. Mohamed and A. Agarwal and D. Belgrave and K. Cho and A. Oh},
 pages = {27730--27744},
 publisher = {Curran Associates, Inc.},
 title = {Training language models to follow instructions with human feedback},
 url = {https://proceedings.neurips.cc/paper_files/paper/2022/file/b1efde53be364a73914f58805a001731-Paper-Conference.pdf},
 volume = {35},
 year = {2022}
}

@book{Owen2013_GameTheory,
 author = {Owen, Guillermo},
 publisher = {Emerald Group Publishing},
 title = {Game theory},
 url = {https://books.google.fr/books?hl=en&lr=&id=yeVbAAAAQBAJ&oi=fnd&pg=PP2&ots=Yp1-UuOAie&sig=1IaP-ESJcbpI7rs7FjB2KmkQdsQ&redir_esc=y#v=onepage&q&f=false},
 year = {2013}
}

@article{Papadimitriou1987_Complexity,
 author = {Papadimitriou, Christos H. and Tsitsiklis, John N.},
 doi = {10.1287/moor.12.3.441},
 issn = {1526-5471},
 journal = {Mathematics of Operations Research},
 number = {3},
 pages = {441--450},
 publisher = {Institute for Operations Research and the Management Sciences (INFORMS)},
 title = {The Complexity of Markov Decision Processes},
 volume = {12},
 year = {1987}
}

@inproceedings{Papoudakis2020_BenchmarkMADRL,
 author = {Georgios Papoudakis and Filippos Christianos and Lukas Sch{\"a}fer and Stefano V Albrecht},
 booktitle = {Thirty-fifth Conference on Neural Information Processing Systems Datasets and Benchmarks Track (Round 1)},
 title = {Benchmarking Multi-Agent Deep Reinforcement Learning Algorithms in Cooperative Tasks},
 url = {https://openreview.net/forum?id=cIrPX-Sn5n},
 year = {2021}
}

@inproceedings{Papoudakis2021_LIAM,
 author = {Papoudakis, Georgios and Christianos, Filippos and Albrecht, Stefano},
 booktitle = {Advances in Neural Information Processing Systems},
 editor = {M. Ranzato and A. Beygelzimer and Y. Dauphin and P.S. Liang and J. Wortman Vaughan},
 pages = {19210--19222},
 publisher = {Curran Associates, Inc.},
 title = {Agent Modelling under Partial Observability for Deep Reinforcement Learning},
 url = {https://proceedings.neurips.cc/paper_files/paper/2021/file/a03caec56cd82478bf197475b48c05f9-Paper.pdf},
 volume = {34},
 year = {2021}
}

@inproceedings{Park2023_LLMtown,
 address = {New York, NY, USA},
 author = {Park, Joon Sung and O'Brien, Joseph and Cai, Carrie Jun and Morris, Meredith Ringel and Liang, Percy and Bernstein, Michael S.},
 booktitle = {Proceedings of the 36th Annual ACM Symposium on User Interface Software and Technology},
 doi = {10.1145/3586183.3606763},
 location = {, San Francisco, CA, USA,},
 publisher = {Association for Computing Machinery},
 series = {UIST '23},
 title = {Generative Agents: Interactive Simulacra of Human Behavior},
 year = {2023}
}

@inbook{Parker2016_MRS,
 address = {Cham},
 author = {Parker, Lynne E. and Rus, Daniela and Sukhatme, Gaurav S.},
 booktitle = {Springer Handbook of Robotics},
 doi = {10.1007/978-3-319-32552-1_53},
 editor = {Siciliano, Bruno and Khatib, Oussama},
 isbn = {978-3-319-32552-1},
 pages = {1335--1384},
 publisher = {Springer International Publishing},
 title = {Multiple Mobile Robot Systems},
 year = {2016}
}

@article{Pateria2021_HRLSurvey,
 author = {Pateria, Shubham and Subagdja, Budhitama and Tan, Ah-hwee and Quek, Chai},
 doi = {10.1145/3453160},
 issn = {1557-7341},
 journal = {ACM Computing Surveys},
 number = {5},
 pages = {1--35},
 publisher = {Association for Computing Machinery (ACM)},
 title = {Hierarchical Reinforcement Learning: A Comprehensive Survey},
 volume = {54},
 year = {2021}
}

@article{Pateria2021_HRLSurvey,
 author = {Pateria, Shubham and Subagdja, Budhitama and Tan, Ah-hwee and Quek, Chai},
 doi = {10.1145/3453160},
 issn = {1557-7341},
 journal = {ACM Computing Surveys},
 number = {5},
 pages = {1--35},
 publisher = {Association for Computing Machinery (ACM)},
 title = {Hierarchical Reinforcement Learning: A Comprehensive Survey},
 volume = {54},
 year = {2021}
}

@inproceedings{Pathak2017_ICM,
 author = {Deepak Pathak and Pulkit Agrawal and Alexei A. Efros and Trevor Darrell},
 booktitle = {Proceedings of the 34th International Conference on Machine Learning},
 pages = {2778-2787},
 title = {Curiosity-driven Exploration by Self-supervised Prediction},
 url = {https://pathak22.github.io/noreward-rl/},
 volume = {70},
 year = {2017}
}

@inproceedings{Pathak2019_Disagreement,
 author = {Deepak Pathak and Dhiraj Gandhi and Abhinav Gupta},
 booktitle = {Proceedings of the 36th International Conference on Machine Learning},
 pages = {5062--5071},
 title = {Self-Supervised Exploration via Disagreement},
 url = {https://proceedings.mlr.press/v97/pathak19a.html},
 volume = {PMLR 97},
 year = {2019}
}

@inproceedings{Peng2021_FACMAC,
 author = {Peng, Bei and Rashid, Tabish and Schroeder de Witt, Christian and Kamienny, Pierre-Alexandre and Torr, Philip and Boehmer, Wendelin and Whiteson, Shimon},
 booktitle = {Advances in Neural Information Processing Systems},
 editor = {M. Ranzato and A. Beygelzimer and Y. Dauphin and P.S. Liang and J. Wortman Vaughan},
 pages = {12208--12221},
 publisher = {Curran Associates, Inc.},
 title = {FACMAC: Factored Multi-Agent Centralised Policy Gradients},
 url = {https://proceedings.neurips.cc/paper/2021/hash/65b9eea6e1cc6bb9f0cd2a47751a186f-Abstract.html},
 volume = {34},
 year = {2021}
}

@article{Perez2024_CulturalEvo,
 author = {Perez, Jérémy and Léger, Corentin and Ovando-Tellez, Marcela and Foulon, Chris and Dussauld, Joan and Oudeyer, Pierre-Yves and Moulin-Frier, Clément},
 doi = {10.48550/ARXIV.2403.08882},
 note = {arxiv:2403.08882},
 title = {Cultural evolution in populations of Large Language Models},
 year = {2024}
}

@article{Perfors2014_WorldShapeLang,
 author = {Perfors, Andrew and Navarro, Daniel J.},
 doi = {10.1111/cogs.12102},
 issn = {1551-6709},
 journal = {Cognitive Science},
 number = {4},
 pages = {775--793},
 publisher = {Wiley},
 title = {Language Evolution Can Be Shaped by the Structure of the World},
 volume = {38},
 year = {2014}
}

@inbook{Petersen2012_TERMES,
 author = {Petersen, Kirstin and Nagpal, Radhika and Werfel, Justin},
 booktitle = {Robotics},
 doi = {10.7551/mitpress/9481.003.0038},
 isbn = {9780262305969},
 pages = {257--264},
 publisher = {The MIT Press},
 title = {TERMES: An Autonomous Robotic System for Three-Dimensional Collective Construction},
 year = {2012}
}

@book{Pfeifer2006_Embodiment,
 author = {Pfeifer, R. and Bongard, J.},
 isbn = {9780262288521},
 publisher = {MIT Press},
 series = {A Bradford Book},
 title = {How the Body Shapes the Way We Think: A New View of Intelligence},
 url = {https://books.google.fr/books?id=EHPMv9MfgWwC},
 year = {2006}
}

@book{Piaget1952,
 author = {Piaget, Jean},
 doi = {10.1037/11494-000},
 editor = {Cook, Margaret},
 publisher = {W W Norton \& Co},
 title = {The origins of intelligence in children.},
 year = {1952}
}

@article{Pierson2017_DRLinRobots,
 author = {Pierson, Harry A and Gashler, Michael S},
 journal = {Advanced Robotics},
 number = {16},
 pages = {821--835},
 publisher = {Taylor \& Francis},
 title = {Deep learning in robotics: a review of recent research},
 url = {https://www.tandfonline.com/doi/abs/10.1080/01691864.2017.1365009},
 volume = {31},
 year = {2017}
}

@article{Pinker1990_NaturalLang,
 author = {Pinker, Steven and Bloom, Paul},
 doi = {10.1017/s0140525x00081061},
 issn = {1469-1825},
 journal = {Behavioral and Brain Sciences},
 number = {4},
 pages = {707--727},
 publisher = {Cambridge University Press (CUP)},
 title = {Natural language and natural selection},
 volume = {13},
 year = {1990}
}

@inproceedings{Pinto2016_SelfSupervisedGrasp,
 author = {Pinto, Lerrel and Gupta, Abhinav},
 booktitle = {2016 IEEE International Conference on Robotics and Automation (ICRA)},
 doi = {10.1109/icra.2016.7487517},
 publisher = {IEEE},
 title = {Supersizing self-supervision: Learning to grasp from 50K tries and 700 robot hours},
 year = {2016}
}

@inproceedings{Pislar2022_WhenExplore,
 author = {Miruna Pislar and David Szepesvari and Georg Ostrovski and Diana L Borsa and Tom Schaul},
 booktitle = {International Conference on Learning Representations},
 title = {When should agents explore?},
 url = {https://openreview.net/forum?id=dEwfxt14bca},
 year = {2022}
}

@inproceedings{Plappert2018_Noise,
 author = {Matthias Plappert and Rein Houthooft and Prafulla Dhariwal and Szymon Sidor and Richard Y. Chen and Xi Chen and Tamim Asfour and Pieter Abbeel and Marcin Andrychowicz},
 booktitle = {International Conference on Learning Representations},
 title = {Parameter Space Noise for Exploration},
 url = {https://openreview.net/forum?id=ByBAl2eAZ},
 year = {2018}
}

@inproceedings{Radford2021_CLIP,
 author = {Radford, Alec and Kim, Jong Wook and Hallacy, Chris and Ramesh, Aditya and Goh, Gabriel and Agarwal, Sandhini and Sastry, Girish and Askell, Amanda and Mishkin, Pamela and Clark, Jack and Krueger, Gretchen and Sutskever, Ilya},
 booktitle = {Proceedings of the 38th International Conference on Machine Learning},
 editor = {Meila, Marina and Zhang, Tong},
 pages = {8748--8763},
 publisher = {PMLR},
 series = {Proceedings of Machine Learning Research},
 title = {Learning Transferable Visual Models From Natural Language Supervision},
 url = {https://proceedings.mlr.press/v139/radford21a.html},
 volume = {139},
 year = {2021}
}

@article{Rahman2023_GPL,
 author = {Arrasy Rahman and Ignacio Carlucho and Niklas Höpner and Stefano V. Albrecht},
 groups = {Agent Modeling},
 journal = {Journal of Machine Learning Research},
 number = {298},
 pages = {1--74},
 title = {A General Learning Framework for Open Ad Hoc Teamwork Using Graph-based Policy Learning},
 url = {http://jmlr.org/papers/v24/22-099.html},
 volume = {24},
 year = {2023}
}

@inproceedings{Raileanu2020_RIDE,
 author = {Roberta Raileanu and Tim Rocktäschel},
 booktitle = {9th International Conference on Learning Representations},
 title = {{RIDE}: Rewarding Impact-Driven Exploration for Procedurally-Generated Environments},
 url = {https://openreview.net/forum?id=rkg-TJBFPB},
 year = {2020}
}

@inproceedings{Rashid2018_QMIX,
 author = {Rashid, Tabish and Samvelyan, Mikayel and Schroeder, Christian and Farquhar, Gregory and Foerster, Jakob and Whiteson, Shimon},
 booktitle = {Proceedings of the 35th International Conference on Machine Learning},
 pages = {4295--4304},
 title = {{QMIX}: Monotonic Value Function Factorisation for Deep Multi-Agent Reinforcement Learning},
 url = {http://proceedings.mlr.press/v80/rashid18a.html},
 volume = {80},
 year = {2018}
}

@inproceedings{Rashid2020_WQMIX,
 author = {Rashid, Tabish and Farquhar, Gregory and Peng, Bei and Whiteson, Shimon},
 booktitle = {Advances in Neural Information Processing Systems 33},
 pages = {10199-10210},
 title = {Weighted {QMIX}: Expanding Monotonic Value Function Factorisation for Deep Multi-Agent Reinforcement Learning},
 url = {https://proceedings.neurips.cc/paper/2020/hash/73a427badebe0e32caa2e1fc7530b7f3-Abstract.html},
 year = {2020}
}

@article{Reed2022_Gato,
 author = {Scott Reed and Konrad Zolna and Emilio Parisotto and Sergio G{\'o}mez Colmenarejo and Alexander Novikov and Gabriel Barth-maron and Mai Gim{\'e}nez and Yury Sulsky and Jackie Kay and Jost Tobias Springenberg and Tom Eccles and Jake Bruce and Ali Razavi and Ashley Edwards and Nicolas Heess and Yutian Chen and Raia Hadsell and Oriol Vinyals and Mahyar Bordbar and Nando de Freitas},
 issn = {2835-8856},
 journal = {Transactions on Machine Learning Research},
 title = {A Generalist Agent},
 url = {https://openreview.net/forum?id=1ikK0kHjvj},
 year = {2022}
}

@inbook{Rescorla1972_Pavlovian,
 author = {Rescorla, RA and Wagner, Allan},
 journal = {Classical Conditioning II: Current Research and Theory},
 month = {01},
 pages = {64-99},
 title = {A theory of Pavlovian conditioning: Variations in the effectiveness of reinforcement and nonreinforcement},
 url = {https://www.researchgate.net/publication/233820243_A_theory_of_Pavlovian_conditioning_Variations_in_the_effectiveness_of_reinforcement_and_nonreinforcement},
 volume = {Vol. 2},
 year = {1972}
}

@inproceedings{Rita2022_GenOverf,
 author = {Rita, Mathieu and Tallec, Corentin and Michel, Paul and Grill, Jean-Bastien and Pietquin, Olivier and Dupoux, Emmanuel and Strub, Florian},
 booktitle = {Advances in Neural Information Processing Systems},
 editor = {S. Koyejo and S. Mohamed and A. Agarwal and D. Belgrave and K. Cho and A. Oh},
 pages = {1389--1404},
 publisher = {Curran Associates, Inc.},
 title = {Emergent Communication: Generalization and Overfitting in Lewis Games},
 url = {https://proceedings.neurips.cc/paper_files/paper/2022/hash/093b08a7ad6e6dd8d34b9cc86bb5f07c-Abstract-Conference.html},
 volume = {35},
 year = {2022}
}

@inproceedings{Rita2022_PopHetero,
 author = {Mathieu Rita and Florian Strub and Jean-Bastien Grill and Olivier Pietquin and Emmanuel Dupoux},
 booktitle = {International Conference on Learning Representations},
 title = {On the role of population heterogeneity in emergent communication},
 url = {https://openreview.net/forum?id=5Qkd7-bZfI},
 year = {2022}
}

@article{Rizk2019_CoopHeteroMRS,
 author = {Rizk, Yara and Awad, Mariette and Tunstel, Edward W},
 doi = {https://doi.org/10.1145/3303848},
 journal = {ACM Computing Surveys (CSUR)},
 number = {2},
 pages = {1--31},
 publisher = {ACM New York, NY, USA},
 title = {Cooperative heterogeneous multi-robot systems: A survey},
 volume = {52},
 year = {2019}
}

@article{Robinson1951_FictitiousPlay,
 author = {Robinson, Julia},
 doi = {10.2307/1969530},
 groups = {Fictituous Play, Agent Modeling},
 issn = {0003-486X},
 journal = {The Annals of Mathematics},
 number = {2},
 pages = {296},
 publisher = {JSTOR},
 title = {An Iterative Method of Solving a Game},
 volume = {54},
 year = {1951}
}

@article{Roesler2024_HumanRobotTrust,
 author = {Roesler, Eileen and Vollmann, Meret and Manzey, Dietrich and Onnasch, Linda},
 doi = {10.1016/j.chb.2023.108008},
 issn = {0747-5632},
 journal = {Computers in Human Behavior},
 pages = {108008},
 publisher = {Elsevier BV},
 title = {The dynamics of human–robot trust attitude and behavior — Exploring the effects of anthropomorphism and type of failure},
 volume = {150},
 year = {2024}
}

@article{Rosenblatt1958_Perceptron,
 author = {Rosenblatt, F.},
 doi = {10.1037/h0042519},
 issn = {0033-295X},
 journal = {Psychological Review},
 number = {6},
 pages = {386--408},
 publisher = {American Psychological Association (APA)},
 title = {The perceptron: A probabilistic model for information storage and organization in the brain.},
 volume = {65},
 year = {1958}
}

@book{Rosenschein1994_Encounter,
 author = {Jeffrey S. Rosenschein and Gilad Zlotkin},
 isbn = {9780262181594},
 publisher = {The MIT Press},
 title = {Rules of Encounter},
 url = {https://mitpress.mit.edu/9780262181594/rules-of-encounter/},
 year = {1994}
}

@article{Rudin2019_StopExplain,
 author = {Rudin, Cynthia},
 doi = {10.1038/s42256-019-0048-x},
 issn = {2522-5839},
 journal = {Nature Machine Intelligence},
 number = {5},
 pages = {206--215},
 publisher = {Springer Science and Business Media LLC},
 title = {Stop explaining black box machine learning models for high stakes decisions and use interpretable models instead},
 volume = {1},
 year = {2019}
}

@inproceedings{Ruis2020_gSCAN,
 author = {Ruis, Laura and Andreas, Jacob and Baroni, Marco and Bouchacourt, Diane and Lake, Brenden M},
 booktitle = {Advances in Neural Information Processing Systems},
 editor = {H. Larochelle and M. Ranzato and R. Hadsell and M.F. Balcan and H. Lin},
 pages = {19861--19872},
 publisher = {Curran Associates, Inc.},
 title = {A Benchmark for Systematic Generalization in Grounded Language Understanding},
 url = {https://proceedings.neurips.cc/paper/2020/file/e5a90182cc81e12ab5e72d66e0b46fe3-Paper.pdf},
 volume = {33},
 year = {2020}
}

@techreport{Rummery1994_SARSA,
 author = {Rummery, G. A. and Niranjan, M.},
 booktitle = {Technical Report CUED/F-INFENG/TR 166},
 institution = {Engineering Department, Cambridge University},
 title = {On-line Q-learning using connectionnist systems},
 url = {https://www.researchgate.net/profile/Mahesan-Niranjan/publication/2500611_On-Line_Q-Learning_Using_Connectionist_Systems/links/5438d5db0cf204cab1d6db0f/On-Line-Q-Learning-Using-Connectionist-Systems.pdf-_sg[0]=HYd0h230b7WOR6m4hj5yx01K97aS61Z0DufUURMQr9ZqMqcEVZ0dNpG84h6uCfRl_M40FNkXgRX-GnpnxH31Ww.jBF3fgrlhaJYs3bDEaHQU22nRpKP0zKeF_oOsqh7WddL8pfxAomPSbeANzdmLP9YPB26HbLeSaEJqhFgzIxvWQ&_sg[1]=CZtZhHTEMgSwBZrpZU_7BACd8RH04JUKiITdXRQJ6MQ9SFS27jreZmcsuNcqYYWRoxcwBE-xBMbrfl1QobmEZ65bmkmpzonq5JoLRIIUKXne.jBF3fgrlhaJYs3bDEaHQU22nRpKP0zKeF_oOsqh7WddL8pfxAomPSbeANzdmLP9YPB26HbLeSaEJqhFgzIxvWQ&_iepl=},
 year = {1994}
}

@inproceedings{Rusu2017_ProgressiveNets,
 author = {Rusu, Andrei A. and Večerík, Matej and Rothörl, Thomas and Heess, Nicolas and Pascanu, Razvan and Hadsell, Raia},
 booktitle = {Proceedings of the 1st Annual Conference on Robot Learning},
 editor = {Levine, Sergey and Vanhoucke, Vincent and Goldberg, Ken},
 pages = {262--270},
 publisher = {PMLR},
 series = {Proceedings of Machine Learning Research},
 title = {Sim-to-Real Robot Learning from Pixels with Progressive Nets},
 url = {https://proceedings.mlr.press/v78/rusu17a.html},
 volume = {78},
 year = {2017}
}

@article{Samek2021_ExplainDNN,
 author = {Samek, Wojciech and Montavon, Gregoire and Lapuschkin, Sebastian and Anders, Christopher J. and Muller, Klaus-Robert},
 doi = {10.1109/jproc.2021.3060483},
 issn = {1558-2256},
 journal = {Proceedings of the IEEE},
 number = {3},
 pages = {247--278},
 publisher = {Institute of Electrical and Electronics Engineers (IEEE)},
 title = {Explaining Deep Neural Networks and Beyond: A Review of Methods and Applications},
 volume = {109},
 year = {2021}
}

@article{Samuel1959_Checkers,
 author = {Samuel, A. L.},
 comment = {Checkers with temporal difference learning},
 doi = {10.1147/rd.33.0210},
 issn = {0018-8646},
 journal = {IBM Journal of Research and Development},
 month = {July},
 number = {3},
 pages = {210--229},
 publisher = {IBM},
 title = {Some Studies in Machine Learning Using the Game of Checkers},
 volume = {3},
 year = {1959}
}

@inproceedings{Samvelyan2019_SMAC,
 address = {Richland, SC},
 author = {Samvelyan, Mikayel and Rashid, Tabish and Schroeder de Witt, Christian and Farquhar, Gregory and Nardelli, Nantas and Rudner, Tim G. J. and Hung, Chia-Man and Torr, Philip H. S. and Foerster, Jakob and Whiteson, Shimon},
 booktitle = {Proceedings of the 18th International Conference on Autonomous Agents and MultiAgent Systems},
 isbn = {9781450363099},
 location = {Montreal QC, Canada},
 numpages = {3},
 pages = {2186–2188},
 publisher = {International Foundation for Autonomous Agents and Multiagent Systems},
 series = {AAMAS '19},
 title = {The StarCraft Multi-Agent Challenge},
 url = {https://dl.acm.org/doi/abs/10.5555/3306127.3332052},
 year = {2019}
}

@article{Sartoretti2019_DistribArticulat,
 author = {Sartoretti, Guillaume and Paivine, William and Shi, Yunfei and Wu, Yue and Choset, Howie},
 doi = {10.1109/tro.2019.2922493},
 issn = {1941-0468},
 journal = {IEEE Transactions on Robotics},
 number = {5},
 pages = {1109--1122},
 publisher = {Institute of Electrical and Electronics Engineers (IEEE)},
 title = {Distributed Learning of Decentralized Control Policies for Articulated Mobile Robots},
 volume = {35},
 year = {2019}
}

@article{Scassellati2018_ASDRobot,
 author = {Scassellati, Brian and Boccanfuso, Laura and Huang, Chien-Ming and Mademtzi, Marilena and Qin, Meiying and Salomons, Nicole and Ventola, Pamela and Shic, Frederick},
 doi = {10.1126/scirobotics.aat7544},
 issn = {2470-9476},
 journal = {Science Robotics},
 number = {21},
 publisher = {American Association for the Advancement of Science (AAAS)},
 title = {Improving social skills in children with ASD using a long-term, in-home social robot},
 volume = {3},
 year = {2018}
}

@article{Schafer2023_EMAX,
 archiveprefix = {arXiv},
 author = {Schäfer, Lukas and Slumbers, Oliver and McAleer, Stephen and Du, Yali and Albrecht, Stefano V. and Mguni, David},
 doi = {10.48550/ARXIV.2302.03439},
 eprint = {2302.03439},
 note = {arxiv:2302.03439},
 publisher = {arXiv},
 title = {Ensemble Value Functions for Efficient Exploration in Multi-Agent Reinforcement Learning},
 year = {2023}
}

@inproceedings{Schaul2016_PER,
 author = {Tom Schaul and John Quan and Ioannis Antonoglou and David Silver},
 booktitle = {4th International Conference on Learning Representations},
 title = {Prioritized Experience Replay},
 url = {https://dblp.org/rec/journals/corr/SchaulQAS15.html},
 year = {2016}
}

@inproceedings{Schmidhuber1991,
 author = {Schmidhuber, J{\"u}rgen},
 booktitle = {Proceedings of the International Conference on Simulation of Adaptive Behavior: From Animals to Animats},
 pages = {222--227},
 title = {A Possibility for Implementing Curiosity and Boredom in Model-Building Neural Controllers},
 doi = {10.7551/mitpress/3115.003.0030},
 year = {1991}
}

@article{Schrittwieser2019_Muzero,
 archiveprefix = {arXiv},
 author = {Julian Schrittwieser and Ioannis Antonoglou and Thomas Hubert and Karen Simonyan and Laurent Sifre and Simon Schmitt and Arthur Guez and Edward Lockhart and Demis Hassabis and Thore Graepel and Timothy Lillicrap and David Silver},
 comment = {Muzero},
 doi = {10.1038/s41586-020-03051-4},
 eprint = {1911.08265},
 note = {arxiv:1911.08265},
 title = {Mastering Atari, Go, Chess and Shogi by Planning with a Learned Model},
 year = {2019}
}

@article{SchroederDeWitt2020_IPPO,
 archiveprefix = {arXiv},
 author = {Schroeder de Witt, Christian and Tarun Gupta and Denys Makoviichuk and Viktor Makoviychuk and Philip H. S. Torr and Mingfei Sun and Shimon Whiteson},
 eprint = {2011.09533},
 note = {arxiv:2011.09533},
 title = {Is Independent Learning All You Need in the StarCraft Multi-Agent Challenge?},
 url = {https://arxiv.org/abs/2011.09533},
 year = {2020}
}

@inproceedings{Schulman2015_TRPO,
 address = {Lille, France},
 author = {Schulman, John and Levine, Sergey and Abbeel, Pieter and Jordan, Michael and Moritz, Philipp},
 booktitle = {Proceedings of the 32nd International Conference on Machine Learning},
 editor = {Bach, Francis and Blei, David},
 pages = {1889--1897},
 publisher = {PMLR},
 series = {Proceedings of Machine Learning Research},
 title = {Trust Region Policy Optimization},
 url = {https://proceedings.mlr.press/v37/schulman15.html},
 volume = {37},
 year = {2015}
}

@article{Schulman2016_GAE,
 author = {John Schulman and Philipp Moritz and Sergey Levine and Michael Jordan and Pieter Abbeel},
 booktitle = {4th International Conference on Learning Representations, {ICLR} 2016, San Juan, Puerto Rico, May 2-4, 2016, Conference Track Proceedings},
 comment = {General Advantage Estimation},
 editor = {Yoshua Bengio and Yann LeCun},
 groups = {RL, TRPO-PPO},
 ranking = {rank5},
 title = {High-Dimensional Continuous Control Using Generalized Advantage Estimation},
 url = {https://www.semanticscholar.org/paper/High-Dimensional-Continuous-Control-Using-Advantage-Schulman-Moritz/d316c82c12cf4c45f9e85211ef3d1fa62497bff8},
 year = {2016}
}

@article{Schulman2017_PPO,
 archiveprefix = {arXiv},
 author = {John Schulman and Filip Wolski and Prafulla Dhariwal and Alec Radford and Oleg Klimov},
 eprint = {1707.06347},
 note = {arxiv:1707.06347},
 title = {Proximal Policy Optimization Algorithms},
 url = {https://arxiv.org/abs/1707.06347},
 year = {2017}
}

@article{Schultz1997_Neuro,
 author = {Schultz, Wolfram and Dayan, Peter and Montague, P. Read},
 doi = {10.1126/science.275.5306.1593},
 issn = {1095-9203},
 journal = {Science},
 month = {March},
 number = {5306},
 pages = {1593--1599},
 publisher = {American Association for the Advancement of Science (AAAS)},
 title = {A Neural Substrate of Prediction and Reward},
 volume = {275},
 year = {1997}
}

@book{Searcy2010_AnimalCommEvo,
 author = {Searcy, William A. and Nowicki, Stephen},
 doi = {10.1515/9781400835720},
 isbn = {9781400835720},
 publisher = {Princeton University Press},
 title = {The Evolution of Animal Communication: Reliability and Deception in Signaling Systems},
 year = {2010}
}

@inproceedings{Sekar2020_Plan2Explore,
 author = {Ramanan Sekar and Oleh Rybkin and Kostas Daniilidis and Pieter Abbeel and Danijar Hafner and Deepak Pathak},
 booktitle = {Proceedings of the 37th International Conference on Machine Learning},
 pages = {8583-8592},
 title = {Planning to Explore via Self-Supervised World Models},
 url = {http://proceedings.mlr.press/v119/sekar20a.html},
 volume = {PMLR 119},
 year = {2020}
}

@article{Shalev2016_AutonomousDriving,
 author = {Shai Shalev-Shwartz and Shaked Shammah and Amnon Shashua},
 note = {arXiv:1610.03295},
 title = {Safe, Multi-Agent, Reinforcement Learning for Autonomous Driving},
 url = {https://arxiv.org/abs/1610.03295},
 year = {2016}
}

@article{Shapley1953,
 author = {Shapley, L. S.},
 journal = {Contributions to the Theory of Games},
 number = {28},
 pages = {307-317},
 publisher = {Princeton University Press},
 title = {A value for n-person games},
 url = {https://ci.nii.ac.jp/naid/10013542751/en/},
 volume = {II},
 year = {1953}
}

@inproceedings{Shih2021_ConventionsHumanAI,
 author = {Andy Shih and Arjun Sawhney and Jovana Kondic and Stefano Ermon and Dorsa Sadigh},
 booktitle = {International Conference on Learning Representations},
 title = {On the Critical Role of Conventions in Adaptive Human-AI Collaboration},
 url = {https://openreview.net/forum?id=8Ln-Bq0mZcy},
 year = {2021}
}

@article{Shoham2007_MAL,
 author = {Yoav Shoham and Rob Powers and Trond Grenager},
 doi = {https://doi.org/10.1016/j.artint.2006.02.006},
 issn = {0004-3702},
 journal = {Artificial Intelligence},
 note = {Foundations of Multi-Agent Learning},
 number = {7},
 pages = {365-377},
 title = {If multi-agent learning is the answer, what is the question?},
 volume = {171},
 year = {2007}
}

@inproceedings{Shridhar2021_CLIPort,
 author = {Shridhar, Mohit and Manuelli, Lucas and Fox, Dieter},
 booktitle = {Proceedings of the 5th Conference on Robot Learning},
 editor = {Faust, Aleksandra and Hsu, David and Neumann, Gerhard},
 pages = {894--906},
 publisher = {PMLR},
 series = {Proceedings of Machine Learning Research},
 title = {CLIPort: What and Where Pathways for Robotic Manipulation},
 url = {https://proceedings.mlr.press/v164/shridhar22a.html},
 volume = {164},
 year = {2021}
}

@inproceedings{Shu2018_Hierarchical,
 author = {Tianmin Shu and Caiming Xiong and Richard Socher},
 booktitle = {International Conference on Learning Representations},
 title = {Hierarchical and Interpretable Skill Acquisition in Multi-task Reinforcement Learning},
 url = {https://openreview.net/forum?id=SJJQVZW0b},
 year = {2018}
}

@inproceedings{Shyam2019_MAX,
 author = {Pranav Shyam and Wojciech Jaśkowski and Faustino Gomez},
 booktitle = {Proceedings of the 36th International Conference on Machine Learning},
 pages = {5779-5788},
 title = {Model-Based Active Exploration},
 url = {https://proceedings.mlr.press/v97/shyam19a.html},
 volume = {PMLR 97},
 year = {2019}
}

@article{Sigurd2004_ZipfRevisit,
 author = {Sigurd, Bengt and Eeg‐Olofsson, Mats and Van Weijer, Joost},
 doi = {10.1111/j.0039-3193.2004.00109.x},
 issn = {1467-9582},
 journal = {Studia Linguistica},
 number = {1},
 pages = {37--52},
 publisher = {Wiley},
 title = {Word length, sentence length and frequency – Zipf revisited},
 volume = {58},
 year = {2004}
}

@inproceedings{Silver2014_DPG,
 address = {Bejing, China},
 author = {Silver, David and Lever, Guy and Heess, Nicolas and Degris, Thomas and Wierstra, Daan and Riedmiller, Martin},
 booktitle = {Proceedings of the 31st International Conference on Machine Learning},
 editor = {Xing, Eric P. and Jebara, Tony},
 number = {1},
 pages = {387--395},
 publisher = {PMLR},
 series = {Proceedings of Machine Learning Research},
 title = {Deterministic Policy Gradient Algorithms},
 url = {https://proceedings.mlr.press/v32/silver14.html},
 volume = {32},
 year = {2014}
}

@article{Silver2016_AlphaGo,
 author = {David Silver and Aja Huang and Chris J. Maddison and Arthur Guez and Laurent Sifre and George van den Driessche and Julian Schrittwieser and Ioannis Antonoglou and Vedavyas Panneershelvam and Marc Lanctot and Sander Dieleman and Dominik Grewe and John Nham and Nal Kalchbrenner and Ilya Sutskever and Timothy P. Lillicrap and Madeleine Leach and Koray Kavukcuoglu and Thore Graepel and Demis Hassabis},
 doi = {10.1038/nature16961},
 journal = {Nature 529},
 number = {7587},
 pages = {484--489},
 title = {Mastering the game of Go with deep neural networks and tree search},
 volume = {529},
 year = {2016}
}

@article{Silver2021_RewardEnough,
 author = {Silver, David and Singh, Satinder and Precup, Doina and Sutton, Richard S.},
 doi = {10.1016/j.artint.2021.103535},
 issn = {0004-3702},
 journal = {Artificial Intelligence},
 month = {October},
 pages = {103535},
 publisher = {Elsevier BV},
 title = {Reward is enough},
 volume = {299},
 year = {2021}
}

@inproceedings{Simonyan2015_VGG,
 author = {Simonyan, K and Zisserman, A},
 journal = {3rd International Conference on Learning Representations (ICLR 2015)},
 pages = {1-14},
 publisher = {Computational and Biological Learning Society},
 title = {Very deep convolutional networks for large-scale image recognition},
 url = {https://www.semanticscholar.org/paper/Very-Deep-Convolutional-Networks-for-Large-Scale-Simonyan-Zisserman/eb42cf88027de515750f230b23b1a057dc782108},
 year = {2015}
}

@inproceedings{Singh2019_IC3Net,
 author = {Amanpreet Singh and Tushar Jain and Sainbayar Sukhbaatar},
 booktitle = {International Conference on Learning Representations},
 title = {Learning when to Communicate at Scale in Multiagent Cooperative and Competitive Tasks},
 url = {https://openreview.net/forum?id=rye7knCqK7},
 year = {2019}
}

@article{Singh2023_EvalMARL,
 archiveprefix = {arXiv},
 author = {Singh, Siddarth and Mahjoub, Omayma and de Kock, Ruan and Khlifi, Wiem and Vall, Abidine and Tessera, Kale-ab and Pretorius, Arnu},
 doi = {10.48550/ARXIV.2312.08463},
 eprint = {2312.08463},
 note = {arxiv:2312.08463},
 publisher = {arXiv},
 title = {How much can change in a year? Revisiting Evaluation in Multi-Agent Reinforcement Learning},
 year = {2023}
}

@phdthesis{Siskind1992_LangAcquis,
 author = {Siskind, Jeffrey M.},
 school = {Massachusetts Institute of Technology},
 title = {Naive Physics, Event Perception, Lexical Semantics, and Language Acquisition},
 url = {http://hdl.handle.net/1721.1/6784},
 year = {1992}
}

@book{Smith2003_AnimalSignals,
 author = {Smith, J.M. and Harper, D.},
 isbn = {9780198526858},
 lccn = {2004296612},
 publisher = {OUP Oxford},
 series = {Animal Signals},
 title = {Animal Signals},
 url = {https://books.google.fr/books?id=SUA51MeG1lcC},
 year = {2003}
}

@article{Smith2003_CompoEmerg,
 author = {Smith, Kenny and Brighton, Henry and Kirby, Simon},
 doi = {10.1142/s0219525903001055},
 issn = {1793-6802},
 journal = {Advances in Complex Systems},
 number = {04},
 pages = {537--558},
 publisher = {World Scientific Pub Co Pte Ltd},
 title = {Complex Systems in Language Evolution: The Cultural Emergence of Compositional Structure},
 volume = {06},
 year = {2003}
}

@article{Smith2003_IteratedLearning,
 author = {Smith, Kenny and Kirby, Simon and Brighton, Henry},
 doi = {10.1162/106454603322694825},
 issn = {1530-9185},
 journal = {Artificial Life},
 number = {4},
 pages = {371--386},
 publisher = {MIT Press - Journals},
 title = {Iterated Learning: A Framework for the Emergence of Language},
 volume = {9},
 year = {2003}
}

@inproceedings{Son2019_QTRAN,
 author = {Son, Kyunghwan and Kim, Daewoo and Kang, Wan Ju and Hostallero, David Earl and Yi, Yung},
 booktitle = {Proceedings of the 36th International Conference on Machine Learning},
 pages = {5887-5896},
 title = {QTRAN: Learning to Factorize with Transformation for Cooperative Multi-Agent Reinforcement Learning},
 url = {https://proceedings.mlr.press/v97/son19a.html},
 volume = {PMLR 97},
 year = {2019}
}

@article{Steels1995_SelfOrgVoc,
 author = {Steels, Luc},
 doi = {10.1162/artl.1995.2.3.319},
 issn = {1064-5462},
 journal = {Artificial Life},
 number = {3},
 pages = {319-332},
 title = {{A Self-Organizing Spatial Vocabulary}},
 volume = {2},
 year = {1995}
}

@article{Steels2000_AIBO,
 author = {Steels, Luc and Kaplan, Frédéric},
 doi = {https://doi.org/10.1075/eoc.4.1.03ste},
 issn = {1387-5337},
 journal = {Evolution of Communication},
 number = {1},
 pages = {3-32},
 publisher = {John Benjamins},
 title = {AIBO’s first words: The social learning of language and meaning},
 volume = {4},
 year = {2000}
}

@book{Steels2015_TalkingHeads,
 address = {Berlin},
 author = {Steels, Luc L.},
 doi = {10.17169/FUDOCS_document_000000022455},
 number = {1},
 publisher = {Language Science Press},
 series = {Computational Models of Language Evolution},
 subtitle = {{Origins} of words and meanings},
 title = {{The} {Talking} {Heads} experiment},
 year = {2015}
}

@inproceedings{Stiennon2020,
 author = {Stiennon, Nisan and Ouyang, Long and Wu, Jeffrey and Ziegler, Daniel and Lowe, Ryan and Voss, Chelsea and Radford, Alec and Amodei, Dario and Christiano, Paul F},
 booktitle = {Advances in Neural Information Processing Systems},
 editor = {H. Larochelle and M. Ranzato and R. Hadsell and M.F. Balcan and H. Lin},
 pages = {3008--3021},
 publisher = {Curran Associates, Inc.},
 title = {Learning to summarize with human feedback},
 url = {https://proceedings.neurips.cc/paper_files/paper/2020/file/1f89885d556929e98d3ef9b86448f951-Paper.pdf},
 volume = {33},
 year = {2020}
}

@article{Stone2000_MASMachineLearning,
 author = {Peter Stone and Manuela Veloso},
 doi = {10.1023/a:1008942012299},
 journal = {Autonomous Robots},
 number = {3},
 pages = {345--383},
 publisher = {Springer Science and Business Media {LLC}},
 title = {Multiagent Systems: A Survey from a Machine Learning Perspective},
 volume = {8},
 year = {2000}
}

@article{Stone2010_AdHocTeam,
 author = {Stone, Peter and Kaminka, Gal and Kraus, Sarit and Rosenschein, Jeffrey},
 doi = {10.1609/aaai.v24i1.7529},
 issn = {2159-5399},
 journal = {Proceedings of the AAAI Conference on Artificial Intelligence},
 number = {1},
 pages = {1504--1509},
 publisher = {Association for the Advancement of Artificial Intelligence (AAAI)},
 title = {Ad Hoc Autonomous Agent Teams: Collaboration without Pre-Coordination},
 volume = {24},
 year = {2010}
}

@inproceedings{Strouse2021_FCP,
 author = {Strouse, DJ and McKee, Kevin and Botvinick, Matt and Hughes, Edward and Everett, Richard},
 booktitle = {Advances in Neural Information Processing Systems},
 editor = {M. Ranzato and A. Beygelzimer and Y. Dauphin and P.S. Liang and J. Wortman Vaughan},
 pages = {14502--14515},
 publisher = {Curran Associates, Inc.},
 title = {Collaborating with Humans without Human Data},
 url = {https://proceedings.neurips.cc/paper_files/paper/2021/file/797134c3e42371bb4979a462eb2f042a-Paper.pdf},
 volume = {34},
 year = {2021}
}

@inproceedings{Sukhbaatar2016_CommNet,
 author = {Sainbayar Sukhbaatar and Arthur Szlam and Rob Fergus},
 booktitle = {Advances in Neural Information Processing Systems},
 pages = {2244–-2252},
 title = {Learning Multiagent Communication with Backpropagation},
 url = {https://proceedings.neurips.cc/paper/2016/hash/55b1927fdafef39c48e5b73b5d61ea60-Abstract.html},
 year = {2016}
}

@inproceedings{Sun2023_DFAC,
 author = {Wei-Fang Sun and Cheng-Kuang Lee and Simon See and Chun-Yi Lee},
 journal = {Journal of Machine Learning Research},
 number = {220},
 pages = {1--32},
 title = {A Unified Framework for Factorizing Distributional Value Functions for Multi-Agent Reinforcement Learning},
 url = {http://jmlr.org/papers/v24/22-0630.html},
 volume = {24},
 year = {2023}
}

@article{Sunderhauf2018_Limits,
 author = {Niko Sünderhauf and Oliver Brock and Walter Scheirer and Raia Hadsell and Dieter Fox and Jürgen Leitner and Ben Upcroft and Pieter Abbeel and Wolfram Burgard and Michael Milford and Peter Corke},
 doi = {10.1177/0278364918770733},
 journal = {The International Journal of Robotics Research},
 number = {4-5},
 pages = {405-420},
 title = {The limits and potentials of deep learning for robotics},
 url = {https://doi.org/10.1177/0278364918770733},
 volume = {37},
 year = {2018}
}

@inproceedings{Sunehag2018_VDN,
 author = {Sunehag, Peter and Lever, Guy and Gruslys, Audrunas and Czarnecki, Wojciech Marian and Zambaldi, Vinicius and Jaderberg, Max and Lanctot, Marc and Sonnerat, Nicolas and Leibo, Joel Z. and Tuyls, Karl and Graepel, Thore},
 booktitle = {Proceedings of the 17th International Conference on Autonomous Agents and MultiAgent Systems},
 pages = {2085–2087},
 title = {Value-Decomposition Networks For Cooperative Multi-Agent Learning Based On Team Reward},
 url = {https://proceedings.mlr.press/v97/son19a.html},
 year = {2018}
}

@phdthesis{Sutton1984_ActorCritic,
 author = {Sutton, Richard Stuart},
 groups = {RL},
 publisher = {University of Massachusetts Amherst},
 ranking = {rank5},
 title = {Temporal credit assignment in reinforcement learning},
 url = {https://gwern.net/doc/reinforcement-learning/model-free/1984-sutton.pdf},
 year = {1984}
}

@article{Sutton1988_TD,
 author = {Sutton, Richard S.},
 doi = {10.1007/bf00115009},
 issn = {1573-0565},
 journal = {Machine Learning},
 number = {1},
 pages = {9--44},
 publisher = {Springer Science and Business Media LLC},
 title = {Learning to predict by the methods of temporal differences},
 volume = {3},
 year = {1988}
}

@article{Sutton1991_Dyna,
 author = {Sutton, Richard S.},
 doi = {10.1145/122344.122377},
 issn = {0163-5719},
 journal = {ACM SIGART Bulletin},
 number = {4},
 pages = {160--163},
 publisher = {Association for Computing Machinery (ACM)},
 title = {Dyna, an integrated architecture for learning, planning, and reacting},
 volume = {2},
 year = {1991}
}

@inproceedings{Sutton2008_DynaLinearReg,
 address = {Arlington, Virginia, USA},
 author = {Sutton, Richard S. and Szepesv\'{a}ri, Csaba and Geramifard, Alborz and Bowling, Michael},
 booktitle = {Proceedings of the Twenty-Fourth Conference on Uncertainty in Artificial Intelligence},
 isbn = {0974903949},
 location = {Helsinki, Finland},
 numpages = {9},
 pages = {528–536},
 publisher = {AUAI Press},
 series = {UAI'08},
 title = {Dyna-style planning with linear function approximation and prioritized sweeping},
 url = {https://dl.acm.org/doi/abs/10.5555/3023476.3023539},
 year = {2008}
}

@book{Sutton2018_RL,
 author = {Richard S. Sutton and Andrew G. Barto},
 publisher = {The MIT Press},
 title = {Reinforcement Learning: An Introduction, second edition},
 url = {http://incompleteideas.net/sutton/book/RLbook2018.pdf},
 year = {2018}
}
