@article{Tampuu2017_IDQN,
 author = {Tampuu, Ardi AND Matiisen, Tambet AND Kodelja, Dorian AND Kuzovkin, Ilya AND Korjus, Kristjan AND Aru, Juhan AND Aru, Jaan AND Vicente, Raul},
 doi = {10.1371/journal.pone.0172395},
 journal = {PLOS ONE},
 number = {4},
 pages = {1-15},
 title = {Multiagent cooperation and competition with deep reinforcement learning},
 volume = {12},
 year = {2017}
}

@inproceedings{Tan1993,
 author = {Tan, Ming},
 booktitle = {Proceedings of the Tenth International Conference on Machine Learning},
 pages = {330–337},
 title = {Multi-Agent Reinforcement Learning: Independent versus Cooperative Agents},
 url = {https://dl.acm.org/doi/10.5555/3091529.3091572},
 year = {1993}
}

@article{Tassa2018_DeepmindControl,
 archiveprefix = {arXiv},
 author = {Tassa, Yuval and Doron, Yotam and Muldal, Alistair and Erez, Tom and Li, Yazhe and Casas, Diego de Las and Budden, David and Abdolmaleki, Abbas and Merel, Josh and Lefrancq, Andrew and Lillicrap, Timothy and Riedmiller, Martin},
 eprint = {1801.00690},
 note = {arxiv:1801.00690},
 publisher = {arXiv},
 title = {DeepMind Control Suite},
 doi = {10.48550/ARXIV.1801.00690},
 year = {2018}
}

@article{Tesauro1994_TDGammon,
 author = {Tesauro, Gerald},
 doi = {10.1162/neco.1994.6.2.215},
 issn = {1530-888X},
 journal = {Neural Computation},
 number = {2},
 pages = {215--219},
 publisher = {MIT Press - Journals},
 title = {TD-Gammon, a Self-Teaching Backgammon Program, Achieves Master-Level Play},
 volume = {6},
 year = {1994}
}

@inproceedings{Tesauro1996_MonteCarloSearch,
 author = {Tesauro, Gerald and Galperin, Gregory},
 booktitle = {Advances in Neural Information Processing Systems},
 editor = {M.C. Mozer and M. Jordan and T. Petsche},
 publisher = {MIT Press},
 title = {On-line Policy Improvement using Monte-Carlo Search},
 url = {https://proceedings.neurips.cc/paper_files/paper/1996/file/996009f2374006606f4c0b0fda878af1-Paper.pdf},
 volume = {9},
 year = {1996}
}

@book{Thorndike1911_AnimalIntell,
 author = {Thorndike, Edward L.},
 doi = {10.5962/bhl.title.55072},
 publisher = {The Macmillan Company},
 title = {Animal intelligence; experimental studies},
 year = {1911}
}

@inproceedings{Tian2020_Contrastive,
 address = {Cham},
 author = {Tian, Yonglong and Krishnan, Dilip and Isola, Phillip},
 booktitle = {Computer Vision -- ECCV 2020},
 editor = {Vedaldi, Andrea and Bischof, Horst and Brox, Thomas and Frahm, Jan-Michael},
 groups = {Contrastive Learning},
 isbn = {978-3-030-58621-8},
 pages = {776--794},
 publisher = {Springer International Publishing},
 title = {Contrastive Multiview Coding},
 url = {https://link.springer.com/chapter/10.1007/978-3-030-58621-8_45},
 year = {2020}
}

@inproceedings{Tobin2017_RealityGap,
 author = {Tobin, Josh and Fong, Rachel and Ray, Alex and Schneider, Jonas and Zaremba, Wojciech and Abbeel, Pieter},
 booktitle = {2017 IEEE/RSJ International Conference on Intelligent Robots and Systems (IROS)},
 doi = {10.1109/IROS.2017.8202133},
 pages = {23-30},
 title = {Domain randomization for transferring deep neural networks from simulation to the real world},
 year = {2017}
}

@inproceedings{Todorov2012_Mujoco,
 author = {Todorov, Emanuel and Erez, Tom and Tassa, Yuval},
 booktitle = {2012 IEEE/RSJ International Conference on Intelligent Robots and Systems},
 doi = {10.1109/IROS.2012.6386109},
 organization = {IEEE},
 pages = {5026--5033},
 title = {MuJoCo: A physics engine for model-based control},
 year = {2012}
}

@book{Tomasello2009_Cultural,
 author = {Tomasello, Michael},
 publisher = {Harvard university press},
 title = {The cultural origins of human cognition},
 url = {https://books.google.fr/books?id=ji2_pY4mKwYC},
 year = {2009}
}

@article{Tseng2016_ServiceRobot,
 author = {Tseng, Shih-Huan and Chao, Yen and Lin, Ching and Fu, Li-Chen},
 doi = {10.1016/j.robot.2016.05.004},
 issn = {0921-8890},
 journal = {Robotics and Autonomous Systems},
 pages = {188--202},
 publisher = {Elsevier BV},
 title = {Service robots: System design for tracking people through data fusion and initiating interaction with the human group by inferring social situations},
 volume = {83},
 year = {2016}
}

@inproceedings{Tucker2021_DiscreteEC,
 author = {Mycal Tucker and Huao Li and Siddharth Agrawal and Dana Hughes and Katia P. Sycara and Michael Lewis and Julie Shah},
 booktitle = {Advances in Neural Information Processing Systems},
 editor = {A. Beygelzimer and Y. Dauphin and P. Liang and J. Wortman Vaughan},
 title = {Emergent Discrete Communication in Semantic Spaces},
 url = {https://proceedings.neurips.cc/paper/2021/hash/5812f92450ccaf17275500841c70924a-Abstract.html},
 year = {2021}
}

@inproceedings{Uchendu2022_Jump,
 author = {Uchendu, Ikechukwu and Xiao, Ted and Lu, Yao and Zhu, Banghua and Yan, Mengyuan and Simon, Jos\'{e}phine and Bennice, Matthew and Fu, Chuyuan and Ma, Cong and Jiao, Jiantao and Levine, Sergey and Hausman, Karol},
 booktitle = {Proceedings of the 40th International Conference on Machine Learning},
 editor = {Krause, Andreas and Brunskill, Emma and Cho, Kyunghyun and Engelhardt, Barbara and Sabato, Sivan and Scarlett, Jonathan},
 month = {23--29 Jul},
 pages = {34556--34583},
 publisher = {PMLR},
 series = {Proceedings of Machine Learning Research},
 title = {Jump-Start Reinforcement Learning},
 url = {https://proceedings.mlr.press/v202/uchendu23a.html},
 volume = {202},
 year = {2023}
}

@article{Vandenhende2021_MultiTask,
 author = {Vandenhende, Simon and Georgoulis, Stamatios and Van Gansbeke, Wouter and Proesmans, Marc and Dai, Dengxin and Van Gool, Luc},
 doi = {10.1109/tpami.2021.3054719},
 issn = {1939-3539},
 journal = {IEEE Transactions on Pattern Analysis and Machine Intelligence},
 publisher = {Institute of Electrical and Electronics Engineers (IEEE)},
 title = {Multi-Task Learning for Dense Prediction Tasks: A Survey},
 year = {2021}
}

@article{VanEecke2022_LangGameMARL,
 author = {Van Eecke, Paul and Beuls, Katrien and Botoko Ekila, Jérôme and Rădulescu, Roxana},
 doi = {10.1093/jole/lzad001},
 issn = {2058-458X},
 journal = {Journal of Language Evolution},
 number = {2},
 pages = {213--223},
 publisher = {Oxford University Press (OUP)},
 title = {Language games meet multi-agent reinforcement learning: A case study for the naming game},
 volume = {7},
 year = {2022}
}

@inproceedings{Vaswani2017_Transformer,
 author = {Vaswani, Ashish and Shazeer, Noam and Parmar, Niki and Uszkoreit, Jakob and Jones, Llion and Gomez, Aidan N and Kaiser, \L ukasz and Polosukhin, Illia},
 booktitle = {Advances in Neural Information Processing Systems},
 editor = {I. Guyon and U. Von Luxburg and S. Bengio and H. Wallach and R. Fergus and S. Vishwanathan and R. Garnett},
 publisher = {Curran Associates, Inc.},
 title = {Attention is All you Need},
 url = {https://proceedings.neurips.cc/paper_files/paper/2017/file/3f5ee243547dee91fbd053c1c4a845aa-Paper.pdf},
 volume = {30},
 year = {2017}
}

@article{Vecerik2017_Demonstrations,
 archiveprefix = {arXiv},
 author = {Mel Vecerik and Todd Hester and Jonathan Scholz and Fumin Wang and Olivier Pietquin and Bilal Piot and Nicolas Heess and Thomas Rothörl and Thomas Lampe and Martin Riedmiller},
 eprint = {1707.08817},
 note = {arxiv:1707.08817},
 title = {Leveraging Demonstrations for Deep Reinforcement Learning on Robotics Problems with Sparse Rewards},
 url = {https://arxiv.org/abs/1707.08817},
 year = {2017}
}

@article{Villalobos2022_ModelSizes,
 archiveprefix = {arXiv},
 author = {Villalobos, Pablo and Sevilla, Jaime and Besiroglu, Tamay and Heim, Lennart and Ho, Anson and Hobbhahn, Marius},
 eprint = {2207.02852},
 note = {arxiv:2207.02852},
 publisher = {arXiv},
 title = {Machine Learning Model Sizes and the Parameter Gap},
 url = {10.48550/ARXIV.2207.02852},
 year = {2022}
}

@inproceedings{Vinitsky2022_Nocturne,
 author = {Vinitsky, Eugene and Lichtl\'{e}, Nathan and Yang, Xiaomeng and Amos, Brandon and Foerster, Jakob},
 booktitle = {Advances in Neural Information Processing Systems},
 editor = {S. Koyejo and S. Mohamed and A. Agarwal and D. Belgrave and K. Cho and A. Oh},
 pages = {3962--3974},
 publisher = {Curran Associates, Inc.},
 title = {Nocturne: a scalable driving benchmark for bringing multi-agent learning one step closer to the real world},
 url = {https://proceedings.neurips.cc/paper_files/paper/2022/hash/191e9e721a2748a860714fb23aaf7c5d-Abstract-Datasets_and_Benchmarks.html},
 volume = {35},
 year = {2022}
}

@article{Vogt2002_PhysicalGrounding,
 author = {Vogt, Paul},
 doi = {10.1016/s1389-0417(02)00051-7},
 issn = {1389-0417},
 journal = {Cognitive Systems Research},
 pages = {429--457},
 publisher = {Elsevier BV},
 title = {The physical symbol grounding problem},
 volume = {3},
 year = {2002}
}

@article{Vogt2005_EmergenceCompo,
 author = {Vogt, Paul},
 doi = {10.1016/j.artint.2005.04.010},
 issn = {0004-3702},
 journal = {Artificial Intelligence},
 number = {1–2},
 pages = {206--242},
 publisher = {Elsevier BV},
 title = {The emergence of compositional structures in perceptually grounded language games},
 volume = {167},
 year = {2005}
}

@book{Vygotsky1934,
 author = {Lev S. Vygotsky},
 publisher = {MIT Press},
 title = {Thought and Language},
 url = {https://mitpress.mit.edu/9780262720014/thought-and-language/},
 year = {1934}
}

@article{Walter1950_MechTortoise,
 author = {W. Grey Walter},
 issn = {00368733, 19467087},
 journal = {Scientific American},
 number = {5},
 pages = {42--45},
 publisher = {Scientific American, a division of Nature America, Inc.},
 title = {An Imitation Of Life},
 url = {http://www.jstor.org/stable/24967456},
 volume = {182},
 year = {1950}
}

@inproceedings{Wang2016_DuelingDQN,
 author = {Ziyu Wang and Tom Schaul and Matteo Hessel and Hado van Hasselt and Marc Lanctot and Nando de Freitas},
 booktitle = {Proceedings of the 33rd International Conference on Machine Learning, {ICML} 2016, New York City, NY, USA, June 19-24, 2016},
 editor = {Maria{-}Florina Balcan and Kilian Q. Weinberger},
 pages = {1995--2003},
 series = {{JMLR} Workshop and Conference Proceedings},
 title = {Dueling Network Architectures for Deep Reinforcement Learning},
 url = {http://proceedings.mlr.press/v48/wangf16.html},
 volume = {48},
 year = {2016}
}

@inproceedings{Wang2016_LangGameInteract,
 author = {Sida I. Wang and Percy Liang and Christopher D. Manning},
 booktitle = {Proceedings of the 54th Annual Meeting of the Association for Computational Linguistics},
 title = {Learning Language Games through Interaction},
 url = {http://aclweb.org/anthology/P/P16/P16-1224.pdf},
 year = {2016}
}

@inproceedings{Wang2020_EITI,
 author = {Tonghan Wang and Jianhao Wang and Yi Wu and Chongjie Zhang},
 booktitle = {8th International Conference on Learning Representations},
 title = {Influence-Based Multi-Agent Exploration},
 url = {https://openreview.net/forum?id=BJgy96EYvr},
 year = {2020}
}

@inproceedings{Wang2020_IMAC,
 author = {Wang, Rundong and He, Xu and Yu, Runsheng and Qiu, Wei and An, Bo and Rabinovich, Zinovi},
 booktitle = {Proceedings of the 37th International Conference on Machine Learning},
 editor = {III, Hal Daumé and Singh, Aarti},
 pages = {9908--9918},
 publisher = {PMLR},
 series = {Proceedings of Machine Learning Research},
 title = {Learning Efficient Multi-agent Communication: An Information Bottleneck Approach},
 url = {http://proceedings.mlr.press/v119/wang20i.html},
 volume = {119},
 year = {2020}
}

@article{Wang2020_RMADDPG,
 author = {Rose E. Wang and Michael Everett and Jonathan P. How},
 journal = {Reinforcement Learning for Real Life (RL4RealLife) Workshop in the 36th International Conference on Machine Learning, Long Beach, California, USA, 2019},
 title = {R-MADDPG for Partially Observable Environments and Limited Communication},
 url = {https://openreview.net/forum?id=Ske_NJK2s4},
 year = {2020}
}

@inproceedings{Wang2020_ShapleyQValue,
 author = {Jianhong Wang and Yuan Zhang and Tae-Kyun Kim and Yunjie Gu},
 booktitle = {Proceedings of the {AAAI} Conference on Artificial Intelligence},
 doi = {10.1609/aaai.v34i05.6220},
 number = {05},
 pages = {7285--7292},
 publisher = {Association for the Advancement of Artificial Intelligence ({AAAI})},
 title = {Shapley Q-Value: A Local Reward Approach to Solve Global Reward Games},
 volume = {34},
 year = {2020}
}

@inproceedings{Wang2021_QPLEX,
 author = {Jianhao Wang and Zhizhou Ren and Terry Liu and Yang Yu and Chongjie Zhang},
 booktitle = {9th International Conference on Learning Representations},
 title = {QPLEX: Duplex Dueling Multi-Agent Q-Learning},
 url = {https://openreview.net/forum?id=Rcmk0xxIQV},
 year = {2021}
}

@inproceedings{Wang2021_UndestandValueFac,
 author = {Wang, Jianhao and Ren, Zhizhou and Han, Beining and Ye, Jianing and Zhang, Chongjie},
 booktitle = {Advances in Neural Information Processing Systems},
 editor = {M. Ranzato and A. Beygelzimer and Y. Dauphin and P.S. Liang and J. Wortman Vaughan},
 pages = {29142--29155},
 publisher = {Curran Associates, Inc.},
 title = {Towards Understanding Cooperative Multi-Agent Q-Learning with Value Factorization},
 url = {https://proceedings.neurips.cc/paper/2021/hash/f3f1fa1e4348bfbebdeee8c80a04c3b9-Abstract.html},
 volume = {34},
 year = {2021}
}

@inproceedings{Wang2022_SHAQ,
 author = {Wang, Jianhong and Zhang, Yuan and Gu, Yunjie and Kim, Tae-Kyun},
 booktitle = {Advances in Neural Information Processing Systems},
 editor = {S. Koyejo and S. Mohamed and A. Agarwal and D. Belgrave and K. Cho and A. Oh},
 pages = {5941--5954},
 publisher = {Curran Associates, Inc.},
 title = {SHAQ: Incorporating Shapley Value Theory into Multi-Agent Q-Learning},
 url = {https://proceedings.neurips.cc/paper_files/paper/2022/file/27985d21f0b751b933d675930aa25022-Paper-Conference.pdf},
 volume = {35},
 year = {2022}
}

@phdthesis{Watkins1989_RL,
 author = {Watkins, Christopher J. C. H.},
 journal = {PhD thesis, Cambridge University, Cambridge, England},
 title = {Learning from Delayed Rewards},
 url = {https://cir.nii.ac.jp/crid/1573105974761345280},
 year = {1989}
}

@inproceedings{Wei2016_RelOvergen,
 author = {Wei, Ermo and Luke, Sean},
 booktitle = {The Journal of Machine Learning Research},
 pages = {2914--2955},
 title = {Lenient Learning in Independent-Learner Stochastic Cooperative Games},
 url = {https://www.jmlr.org/papers/v17/15-417.html},
 volume = {17},
 year = {2016}
}

@article{Wei2018_MultiSoftQ,
 author = {Ermo Wei and Drew Wicke and David Freelan and Sean Luke},
 note = {arXiv:1804.09817},
 title = {Multiagent Soft Q-Learning},
 url = {https://arxiv.org/abs/1804.09817},
 year = {2018}
}

@inproceedings{Weir2023_HLLP,
 address = {Richland, SC},
 author = {Weir, Nathaniel and Yuan, Xingdi and Côté, Marc-Alexandre and Hausknecht, Matthew and Laroche, Romain and Momennejad, Ida and Van Seijen, Harm and Van Durme, Benjamin},
 booktitle = {Proceedings of the 2023 International Conference on Autonomous Agents and Multiagent Systems},
 isbn = {9781450394321},
 location = {London, United Kingdom},
 pages = {2388–2390},
 publisher = {International Foundation for Autonomous Agents and Multiagent Systems},
 series = {AAMAS '23},
 title = {One-Shot Learning from a Demonstration with Hierarchical Latent Language},
 url = {https://dl.acm.org/doi/abs/10.5555/3545946.3598943},
 year = {2023}
}

@phdthesis{Wiegand2003_RelOvergen,
 author = {Wiegand, Rudolf Paul},
 school = {George Mason University},
 title = {An Analysis of Cooperative Coevolutionary Algorithms},
 url = {http://l.academicdirect.org/Horticulture/GAs/Refs/PhD_Wiegand&Jong_2003.pdf},
 year = {2003}
}

@inproceedings{Wierstra2007_POMDPs,
 address = {Berlin, Heidelberg},
 author = {Wierstra, Daan and Foerster, Alexander and Peters, Jan and Schmidhuber, J{\"u}rgen},
 booktitle = {Artificial Neural Networks -- ICANN 2007},
 editor = {de S{\'a}, Joaquim Marques and Alexandre, Lu{\'i}s A. and Duch, W{\l}odzis{\l}aw and Mandic, Danilo},
 pages = {697--706},
 publisher = {Springer Berlin Heidelberg},
 title = {Solving Deep Memory POMDPs with Recurrent Policy Gradients},
 doi = {10.1007/978-3-540-74690-4_71},
 year = {2007}
}

@article{Williams1992_Reinforce,
 author = {Williams, Ronald J.},
 doi = {10.1007/bf00992696},
 issn = {1573-0565},
 journal = {Machine Learning},
 number = {3–4},
 pages = {229--256},
 title = {Simple statistical gradient-following algorithms for connectionist reinforcement learning},
 volume = {8},
 year = {1992}
}

@techreport{Wolpert1999_WLU,
 author = {David H. Wolpert and Kagan Tumer},
 institution = {NASA},
 note = {NASA-ARC-IC-99-63},
 title = {An Introduction to Collective Intelligence},
 url = {http://jmvidal.cse.sc.edu/library/wolpert99a.pdf},
 year = {1999}
}

@inbook{Wolpert2002_AristoUtility,
 author = {David H. Wolpert and Kagan Tumer},
 booktitle = {Modeling Complexity in Economic and Social Systems},
 doi = {10.1142/9789812777263_0020},
 editor = {Frank Schweitzer},
 pages = {355-369},
 publisher = {World Scientific Publishing Co. Pte. Ltd.},
 title = {Optimal Payoff Functions for Members of Collectives},
 year = {2002}
}

@article{Wooldridge1995_IntelligentAgents,
 author = {Wooldridge, Michael and Jennings, Nicholas R.},
 doi = {10.1017/s0269888900008122},
 issn = {1469-8005},
 journal = {The Knowledge Engineering Review},
 number = {2},
 pages = {115--152},
 publisher = {Cambridge University Press (CUP)},
 title = {Intelligent agents: theory and practice},
 volume = {10},
 year = {1995}
}

@book{Wooldridge2009_IntroMAS,
 author = {Wooldridge, Michael},
 publisher = {John wiley \& sons},
 title = {An introduction to multiagent systems},
 url = {https://books.google.fr/books?hl=en&lr=&id=X3ZQ7yeDn2IC&oi=fnd&pg=PR13&ots=WHohqr4qa_&sig=0NufQwkvOFQvIdmAjHTz0F27huo&redir_esc=y#v=onepage&q&f=false},
 year = {2009}
}

@inproceedings{Xie2021_LILI,
 author = {Annie Xie and Dylan P. Losey and Ryan Tolsma and Chelsea Finn and Dorsa Sadigh},
 booktitle = {Proceedings of the 2020 Conference on Robot Learning},
 editor = {Kober, Jens and Ramos, Fabio and Tomlin, Claire},
 pages = {575--588},
 publisher = {PMLR},
 title = {Learning Latent Representations to Influence Multi-Agent Interaction},
 url = {https://proceedings.mlr.press/v155/xie21a.html},
 volume = {155},
 year = {2021}
}

@inproceedings{Xu2023_DAVE,
 author = {Xu, Zhiwei and Zhang, Bin and li, dapeng and Zhou, Guangchong and Zhang, Zeren and Fan, Guoliang},
 booktitle = {Advances in Neural Information Processing Systems},
 editor = {A. Oh and T. Naumann and A. Globerson and K. Saenko and M. Hardt and S. Levine},
 pages = {73898--73918},
 publisher = {Curran Associates, Inc.},
 title = {Dual Self-Awareness Value Decomposition Framework without Individual Global Max for Cooperative MARL},
 url = {https://proceedings.neurips.cc/paper_files/paper/2023/file/e9e140df6de01afb672cb859d203c307-Paper-Conference.pdf},
 volume = {36},
 year = {2023}
}

@inproceedings{Yan2023_E3T,
 author = {Yan, Xue and Guo, Jiaxian and Lou, Xingzhou and Wang, Jun and Zhang, Haifeng and Du, Yali},
 booktitle = {Advances in Neural Information Processing Systems},
 editor = {A. Oh and T. Naumann and A. Globerson and K. Saenko and M. Hardt and S. Levine},
 pages = {2636--2658},
 publisher = {Curran Associates, Inc.},
 title = {An Efficient End-to-End Training Approach for Zero-Shot Human-AI Coordination},
 url = {https://proceedings.neurips.cc/paper_files/paper/2023/hash/07a363fd2263091c2063998e0034999c-Abstract-Conference.html},
 volume = {36},
 year = {2023}
}

@article{Yang2020_Qatten,
 author = {Yang, Yaodong and Hao, Jianye and Liao, Ben and Shao, Kun and Chen, Guangyong and Liu, Wulong and Tang, Hongyao},
 doi = {10.48550/ARXIV.2002.03939},
 note = {arxiv:2002.03939},
 title = {Qatten: A General Framework for Cooperative Multiagent Reinforcement Learning},
 year = {2020}
}

@misc{Yu2021_Benchmark,
 author = {Chao Yu and Akash Velu and Eugene Vinitsky and Yu Wang and Alexandre Bayen and Yi Wu},
 title = {Benchmarking Multi-Agent Deep Reinforcement Learning Algorithms},
 url = {https://openreview.net/forum?id=t5lNr0Lw84H},
 year = {2021}
}

@article{Yu2021_MAPPO,
 author = {Chao Yu and Akash Velu and Eugene Vinitsky and Yu Wang and Alexandre Bayen and Yi Wu},
 title = {The Surprising Effectiveness of PPO in Cooperative, Multi-Agent Games},
  booktitle = {Advances in Neural Information Processing Systems},
  pages     = {24611--24624},
  volume    = {35},
 url = {https://proceedings.neurips.cc/paper_files/paper/2022/hash/9c1535a02f0ce079433344e14d910597-Abstract-Datasets_and_Benchmarks.html},
  publisher = {Curran Associates, Inc.},
  editor    = {S. Koyejo and S. Mohamed and A. Agarwal and D. Belgrave and K. Cho and A. Oh},
 year = {2021}
}

@inproceedings{Yu2023_HiddenUtilitySP,
 author = {Chao Yu and Jiaxuan Gao and Weilin Liu and Botian Xu and Hao Tang and Jiaqi Yang and Yu Wang and Yi Wu},
 booktitle = {The 11th International Conference on Learning Representations},
 title = {Learning Zero-Shot Cooperation with Humans, Assuming Humans Are Biased},
 url = {https://openreview.net/forum?id=TrwE8l9aJzs},
 year = {2023}
}

@inproceedings{Zeng2022_Socratic,
 author = {Zeng, Andy and Attarian, Maria and Ichter, Brian and Choromanski, Krzysztof and Wong, Adrian and Welker, Stefan and Tombari, Federico and Purohit, Aveek and Ryoo, Michael and Sindhwani, Vikas and Lee, Johnny and Vanhoucke, Vincent and Florence, Pete},
 booktitle = {11th International Conference on Learning Representations},
 title = {Socratic Models: Composing Zero-Shot Multimodal Reasoning with Language},
 url = {https://openreview.net/forum?id=G2Q2Mh3avow},
 year = {2022}
}

@inproceedings{Zhang2019_VBC,
 author = {Zhang, Sai Qian and Zhang, Qi and Lin, Jieyu},
 booktitle = {Advances in Neural Information Processing Systems},
 editor = {H. Wallach and H. Larochelle and A. Beygelzimer and F. d\textquotesingle Alch\'{e}-Buc and E. Fox and R. Garnett},
 publisher = {Curran Associates, Inc.},
 title = {Efficient Communication in Multi-Agent Reinforcement Learning via Variance Based Control},
 url = {https://proceedings.neurips.cc/paper_files/paper/2019/hash/14cfdb59b5bda1fc245aadae15b1984a-Abstract.html},
 volume = {32},
 year = {2019}
}

@inproceedings{Zhang2021_NovelD,
 author = {Zhang, Tianjun and Xu, Huazhe and Wang, Xiaolong and Wu, Yi and Keutzer, Kurt and Gonzalez, Joseph E and Tian, Yuandong},
 booktitle = {Advances in Neural Information Processing Systems},
 pages = {25217-25230},
 title = {{NovelD}: A Simple yet Effective Exploration Criterion},
 url = {https://proceedings.neurips.cc/paper/2021/hash/d428d070622e0f4363fceae11f4a3576-Abstract.html},
 volume = {34},
 year = {2021}
}

@inproceedings{Zhang2024_CoELA,
 author = {Hongxin Zhang and Weihua Du and Jiaming Shan and Qinhong Zhou and Yilun Du and Joshua B. Tenenbaum and Tianmin Shu and Chuang Gan},
 booktitle = {International Conference on Learning Representations},
 title = {Building Cooperative Embodied Agents Modularly with Large Language Models},
 url = {https://openreview.net/forum?id=EnXJfQqy0K},
 year = {2024}
}

@article{Zhao2023_MaxEntropPop,
 author = {Zhao, Rui and Song, Jinming and Yuan, Yufeng and Hu, Haifeng and Gao, Yang and Wu, Yi and Sun, Zhongqian and Yang, Wei},
 doi = {10.1609/aaai.v37i5.25758},
 issn = {2159-5399},
 journal = {Proceedings of the AAAI Conference on Artificial Intelligence},
 number = {5},
 pages = {6145--6153},
 publisher = {Association for the Advancement of Artificial Intelligence (AAAI)},
 title = {Maximum Entropy Population-Based Training for Zero-Shot Human-AI Coordination},
 volume = {37},
 year = {2023}
}

@inproceedings{Zheng2021_EMC,
 author = {Lulu Zheng and Jiarui Chen and Jianhao Wang and Jiamin He and Yujing Hu and Yingfeng Chen and Changjie Fan and Yang Gao and Chongjie Zhang},
 booktitle = {Advances in Neural Information Processing Systems},
 editor = {A. Beygelzimer and Y. Dauphin and P. Liang and J. Wortman Vaughan},
 title = {Episodic Multi-agent Reinforcement Learning with Curiosity-driven Exploration},
 url = {https://openreview.net/forum?id=YDGJ5YExiw6},
 year = {2021}
}

@inproceedings{Zhou2020_LICA,
 author = {Meng Zhou and Ziyu Liu and Pengwei Sui and Yixuan Li and Yuk Ying Chung},
 booktitle = {Advances in Neural Information Processing Systems},
 editor = {H. Larochelle and M. Ranzato and R. Hadsell and M.F. Balcan and H. Lin},
 pages = {11853--11864},
 publisher = {Curran Associates, Inc.},
 title = {Learning Implicit Credit Assignment for Cooperative Multi-Agent Reinforcement Learning},
 url = {https://proceedings.neurips.cc/paper/2020/hash/8977ecbb8cb82d77fb091c7a7f186163-Abstract.html},
 volume = {33},
 year = {2020}
}

@inproceedings{Zhou2022_PAC,
 author = {Zhou, Hanhan and Lan, Tian and Aggarwal, Vaneet},
 booktitle = {Advances in Neural Information Processing Systems},
 editor = {S. Koyejo and S. Mohamed and A. Agarwal and D. Belgrave and K. Cho and A. Oh},
 pages = {15757--15769},
 publisher = {Curran Associates, Inc.},
 title = {PAC: Assisted Value Factorization with Counterfactual Predictions in Multi-Agent Reinforcement Learning},
 url = {https://proceedings.neurips.cc/paper_files/paper/2022/file/65338cfb603d4871a2c38e53a3e039c9-Paper-Conference.pdf},
 volume = {35},
 year = {2022}
}

@article{Zhu2024_CognitiveLLMs,
 author = {Zhu, Feiyu and Simmons, Reid},
 doi = {10.1609/aaai.v38i1.27822},
 issn = {2159-5399},
 journal = {Proceedings of the AAAI Conference on Artificial Intelligence},
 number = {1},
 pages = {655--663},
 publisher = {Association for the Advancement of Artificial Intelligence (AAAI)},
 title = {Bootstrapping Cognitive Agents with a Large Language Model},
 volume = {38},
 year = {2024}
}

@article{Zhu2024_MACSurvey,
 author = {Zhu, Changxi and Dastani, Mehdi and Wang, Shihan},
 doi = {10.1007/s10458-023-09633-6},
 issn = {1573-7454},
 journal = {Autonomous Agents and Multi-Agent Systems},
 number = {1},
 publisher = {Springer Science and Business Media LLC},
 title = {A survey of multi-agent deep reinforcement learning with communication},
 volume = {38},
 year = {2024}
}

@inproceedings{Ziemke2003_Embodiment,
 author = {Tom Ziemke},
 booktitle = {Proceedings of the 25th Annual Cognitive Science Society},
 title = {What's that Thing Called Embodiment?},
 url = {https://www.taylorfrancis.com/chapters/edit/10.4324/9781315799360-101/thing-called-embodiment-tom-ziemke},
 year = {2003}
}

@book{Zipf1936_ZipfLaw,
 author = {Zipf, George Kingsley},
 publisher = {Routledge},
 title = {The psycho-biology of language: An introduction to dynamic philology},
 url = {https://psycnet.apa.org/record/1935-04756-000},
 year = {1936}
}

@book{Zipf1949_LeastEffort,
 author = {George Kingsley Zipf},
 publisher = {Addison-Wesley Press},
 title = {Human behavior and the principle of least effort},
 url = {https://psycnet.apa.org/record/1950-00412-000},
 year = {1949}
}

@article{Zlotowski2014_Anthropomorphism,
 author = {Złotowski, Jakub and Proudfoot, Diane and Yogeeswaran, Kumar and Bartneck, Christoph},
 doi = {10.1007/s12369-014-0267-6},
 issn = {1875-4805},
 journal = {International Journal of Social Robotics},
 number = {3},
 pages = {347--360},
 publisher = {Springer Science and Business Media LLC},
 title = {Anthropomorphism: Opportunities and Challenges in Human–Robot Interaction},
 volume = {7},
 year = {2014}
}

@article{Zuidema2018_Combinatorial,
 author = {Zuidema, Willem and de Boer, Bart},
 doi = {10.1016/j.cobeha.2018.04.011},
 issn = {2352-1546},
 journal = {Current Opinion in Behavioral Sciences},
 pages = {138--144},
 publisher = {Elsevier BV},
 title = {The evolution of combinatorial structure in language},
 volume = {21},
 year = {2018}
}
