@inproceedings{Abbeel2006_Helicopter,
 author = {Abbeel, Pieter and Coates, Adam and Quigley, Morgan and Ng, Andrew},
 booktitle = {Advances in Neural Information Processing Systems},
 editor = {B. Sch\"{o}lkopf and J. Platt and T. Hoffman},
 publisher = {MIT Press},
 title = {An Application of Reinforcement Learning to Aerobatic Helicopter Flight},
 url = {https://proceedings.neurips.cc/paper/2006/hash/98c39996bf1543e974747a2549b3107c-Abstract.html},
 volume = {19},
 year = {2006}
}

@article{Ackermann2019_MATD3,
 author = {Ackermann, Johannes and Gabler, Volker and Osa, Takayuki and Sugiyama, Masashi},
 doi = {10.48550/ARXIV.1910.01465},
 note = {arxiv:1910.01465},
 title = {Reducing Overestimation Bias in Multi-Agent Domains Using Double Centralized Critics},
 year = {2019}
}

@inproceedings{Agarwal2019_CommunityRegul,
 address = {Richland, SC},
 author = {Agarwal, Akshat and Gurumurthy, Swaminathan and Sharma, Vasu and Lewis, Mike and Sycara, Katia},
 booktitle = {Proceedings of the 18th International Conference on Autonomous Agents and MultiAgent Systems},
 location = {Montreal QC, Canada},
 numpages = {9},
 pages = {1042–1050},
 publisher = {International Foundation for Autonomous Agents and Multiagent Systems},
 series = {AAMAS '19},
 title = {Community Regularization of Visually-Grounded Dialog},
 url = {https://dl.acm.org/doi/abs/10.5555/3306127.3331802},
 year = {2019}
}

@article{Ahn2022_SayCan,
 author = {Ahn, Michael and Brohan, Anthony and Brown, Noah and Chebotar, Yevgen and Cortes, Omar and David, Byron and Finn, Chelsea and Fu, Chuyuan and Gopalakrishnan, Keerthana and Hausman, Karol and Herzog, Alex and Ho, Daniel and Hsu, Jasmine and Ibarz, Julian and Ichter, Brian and Irpan, Alex and Jang, Eric and Ruano, Rosario Jauregui and Jeffrey, Kyle and Jesmonth, Sally and Joshi, Nikhil J and Julian, Ryan and Kalashnikov, Dmitry and Kuang, Yuheng and Lee, Kuang-Huei and Levine, Sergey and Lu, Yao and Luu, Linda and Parada, Carolina and Pastor, Peter and Quiambao, Jornell and Rao, Kanishka and Rettinghouse, Jarek and Reyes, Diego and Sermanet, Pierre and Sievers, Nicolas and Tan, Clayton and Toshev, Alexander and Vanhoucke, Vincent and Xia, Fei and Xiao, Ted and Xu, Peng and Xu, Sichun and Yan, Mengyuan and Zeng, Andy},
 doi = {10.48550/ARXIV.2204.01691},
 eprint = {2204.01691},
 note = {arxiv:2204.01691},
 publisher = {arXiv},
 title = {Do As I Can, Not As I Say: Grounding Language in Robotic Affordances},
 year = {2022}
}

@inproceedings{Akakzia2021_DECSTR,
 address = {Vienna / Virtual, Austria},
 author = {Akakzia, Ahmed and Colas, C{\'e}dric and Oudeyer, Pierre-Yves and Chetouani, Mohamed and Sigaud, Olivier},
 booktitle = {ICLR 2021 - Ninth International Conference on Learning Representation},
 title = {Grounding Language to Autonomously-Acquired Skills via Goal Generation},
 url = {https://hal.inria.fr/hal-03121146},
 year = {2021}
}

@inproceedings{Albrecht2013_Foraging,
 address = {Richland, SC},
 author = {Albrecht, Stefano V. and Ramamoorthy, Subramanian},
 booktitle = {Proceedings of the 2013 International Conference on Autonomous Agents and Multi-Agent Systems},
 location = {St. Paul, MN, USA},
 numpages = {2},
 pages = {1155–1156},
 publisher = {International Foundation for Autonomous Agents and Multiagent Systems},
 series = {AAMAS '13},
 title = {A game-theoretic model and best-response learning method for ad hoc coordination in multiagent systems},
 url = {https://www.research.ed.ac.uk/en/publications/a-game-theoretic-model-and-best-response-learning-method-for-ad-h},
 year = {2013}
}

@article{Albrecht2016_Belief,
 author = {Albrecht, Stefano V. and Crandall, Jacob W. and Ramamoorthy, Subramanian},
 doi = {10.1016/j.artint.2016.02.004},
 groups = {Bayesian learning},
 issn = {0004-3702},
 journal = {Artificial Intelligence},
 pages = {63--94},
 publisher = {Elsevier BV},
 title = {Belief and truth in hypothesised behaviours},
 volume = {235},
 year = {2016}
}

@article{Albrecht2018_AgentModellingReview,
 author = {Albrecht, Stefano V. and Stone, Peter},
 doi = {10.1016/j.artint.2018.01.002},
 issn = {0004-3702},
 journal = {Artificial Intelligence},
 pages = {66--95},
 publisher = {Elsevier BV},
 title = {Autonomous agents modelling other agents: A comprehensive survey and open problems},
 volume = {258},
 year = {2018}
}

@article{Amato2019_MacroActions,
 author = {Amato, Christopher and Konidaris, George and Kaelbling, Leslie P and How, Jonathan P},
 journal = {Journal of Artificial Intelligence Research},
 pages = {817--859},
 title = {Modeling and planning with macro-actions in decentralized POMDPs},
 url = {https://www.jair.org/index.php/jair/article/view/11418},
 volume = {64},
 year = {2019}
}

@article{Andres2022_EvalIntrRew,
 archiveprefix = {arXiv},
 author = {Alain Andres and Esther Villar-Rodriguez and Javier Del Ser},
 eprint = {2205.11184},
 note = {arxiv:2205.11184},
 title = {An Evaluation Study of Intrinsic Motivation Techniques applied to Reinforcement Learning over Hard Exploration Environments},
 url = {https://arxiv.org/abs/2205.11184},
 year = {2022}
}

@article{Andrychowicz2020_Sim2Real,
 author = {OpenAI: Marcin Andrychowicz and Bowen Baker and Maciek Chociej and Rafal Józefowicz and Bob McGrew and Jakub Pachocki and Arthur Petron and Matthias Plappert and Glenn Powell and Alex Ray and Jonas Schneider and Szymon Sidor and Josh Tobin and Peter Welinder and Lilian Weng and Wojciech Zaremba},
 doi = {10.1177/0278364919887447},
 journal = {The International Journal of Robotics Research},
 number = {1},
 pages = {3-20},
 title = {Learning dexterous in-hand manipulation},
 url = {https://doi.org/10.1177/0278364919887447},
 volume = {39},
 year = {2020}
}

@book{Apperly2011_Mindreaders,
 address = {New York},
 author = {Ian Apperly},
 publisher = {Psychology Press},
 title = {Mindreaders: The Cognitive Basis of "Theory of Mind"},
  doi       = {10.4324/9780203833926},
 year = {2011}
}

@article{Arthur1991_Economics,
 author = {W. Brian Arthur},
 issn = {00028282},
 journal = {The American Economic Review},
 number = {2},
 pages = {353--359},
 publisher = {American Economic Association},
 title = {Designing Economic Agents that Act like Human Agents: A Behavioral Approach to Bounded Rationality},
 url = {http://www.jstor.org/stable/2006884},
 volume = {81},
 year = {1991}
}

@article{Aru2023_DeepLearningToM,
 author = {Aru, Jaan and Labash, Aqeel and Corcoll, Oriol and Vicente, Raul},
 doi = {10.1007/s10462-023-10401-x},
 issn = {1573-7462},
 journal = {Artificial Intelligence Review},
 number = {9},
 pages = {9141--9156},
 publisher = {Springer Science and Business Media LLC},
 title = {Mind the gap: challenges of deep learning approaches to Theory of Mind},
 volume = {56},
 year = {2023}
}

@book{Austin1975_SpeechActs,
 address = {Cambridge, Massachusetts},
 author = {J. L. Austin},
 editor = {Urmson, J. O. and Sbisà, Marina},
 publisher = {Harvard university press},
 title = {How to do things with words},
 url = {https://books.google.fr/books?hl=en&lr=&id=B3ILEAAAQBAJ&oi=fnd&pg=PA1&dq=How+to+do+things+with+words+&ots=ika0YHioz8&sig=nnHnJYs-TKVO9cqUxEFsTVW3qUo&redir_esc=y#v=onepage&q=How%20to%20do%20things%20with%20words&f=false},
 year = {1975}
}

@inproceedings{Badia2020_Agent57,
 author = {Badia, Adri{\`a} Puigdom{\`e}nech and Piot, Bilal and Kapturowski, Steven and Sprechmann, Pablo and Vitvitskyi, Alex and Guo, Zhaohan Daniel and Blundell, Charles},
 booktitle = {Proceedings of the 37th International Conference on Machine Learning},
 editor = {III, Hal Daumé and Singh, Aarti},
 pages = {507--517},
 publisher = {PMLR},
 series = {Proceedings of Machine Learning Research},
 title = {Agent57: Outperforming the {A}tari Human Benchmark},
 url = {https://proceedings.mlr.press/v119/badia20a.html},
 volume = {119},
 year = {2020}
}

@inproceedings{Badia2020_NGU,
 author = {Adrià Puigdomènech Badia and Pablo Sprechmann and Alex Vitvitskyi and Daniel Guo and Bilal Piot and Steven Kapturowski and Olivier Tieleman and Martin Arjovsky and Alexander Pritzel and Andrew Bolt and Charles Blundell},
 booktitle = {8th International Conference on Learning Representations},
 title = {Never Give Up: Learning Directed Exploration Strategies},
 url = {https://openreview.net/forum?id=Sye57xStvB},
 year = {2020}
}

@inproceedings{Bagnell2001_Helicopter,
 author = {Bagnell, J.A. and Schneider, J.G.},
 booktitle = {Proceedings 2001 ICRA. IEEE International Conference on Robotics and Automation (Cat. No.01CH37164)},
 doi = {10.1109/ROBOT.2001.932842},
 pages = {1615-1620 vol.2},
 title = {Autonomous helicopter control using reinforcement learning policy search methods},
 volume = {2},
 year = {2001}
}

@inproceedings{Baird1995_ResidAlgs,
 author = {Baird, Leemon},
 booktitle = {Machine Learning Proceedings 1995},
 doi = {10.1016/b978-1-55860-377-6.50013-x},
 pages = {30--37},
 publisher = {Elsevier},
 title = {Residual Algorithms: Reinforcement Learning with Function Approximation},
 year = {1995}
}

@article{Bard2020_Hanabi,
 author = {Nolan Bard and Jakob N. Foerster and Sarath Chandar and Neil Burch and Marc Lanctot and H. Francis Song and Emilio Parisotto and Vincent Dumoulin and Subhodeep Moitra and Edward Hughes and Iain Dunning and Shibl Mourad and Hugo Larochelle and Marc G. Bellemare and Michael Bowling},
 doi = {10.1016/j.artint.2019.103216},
 issn = {0004-3702},
 journal = {Artificial Intelligence},
 pages = {103216},
 title = {The Hanabi challenge: A new frontier for AI research},
 volume = {280},
 year = {2020}
}

@article{Barrett2017_MakingFriends,
 author = {Barrett, Samuel and Rosenfeld, Avi and Kraus, Sarit and Stone, Peter},
 doi = {10.1016/j.artint.2016.10.005},
 issn = {0004-3702},
 journal = {Artificial Intelligence},
 pages = {132--171},
 publisher = {Elsevier BV},
 title = {Making friends on the fly: Cooperating with new teammates},
 volume = {242},
 year = {2017}
}

@inbook{Barsalou2003_SocialEmbodiment,
 author = {Barsalou, Lawrence W and Niedenthal, Paula M and Barbey, Aron K and Ruppert, Jennifer A},
 booktitle = {Psychology of Learning and Motivation Volume 43},
 doi = {10.1016/s0079-7421(03)01011-9},
 isbn = {9780125433433},
 issn = {0079-7421},
 pages = {43--92},
 publisher = {Elsevier},
 title = {Social Embodiment},
 year = {2003}
}

@book{Bartneck2020_HRI,
 author = {Bartneck, Christoph and Belpaeme, Tony and Eyssel, Friederike and Kanda, Takayuki and Keijsers, Merel and Šabanović, Selma},
 doi = {10.1017/9781108676649},
 isbn = {9781108735407},
 publisher = {Cambridge University Press},
 title = {Human-Robot Interaction: An Introduction},
 year = {2020}
}

@article{Barto1983_ActorCritic,
 author = {Barto, Andrew G. and Sutton, Richard S. and Anderson, Charles W.},
 comment = {first Actor-Critic architecture},
 doi = {10.1109/tsmc.1983.6313077},
 issn = {2168-2909},
 journal = {IEEE Transactions on Systems, Man, and Cybernetics},
 number = {5},
 pages = {834--846},
 publisher = {Institute of Electrical and Electronics Engineers (IEEE)},
 title = {Neuronlike adaptive elements that can solve difficult learning control problems},
 volume = {SMC-13},
 year = {1983}
}

@article{Baumli2023_VLRewards,
 author = {Baumli, Kate and Baveja, Satinder and Behbahani, Feryal and Chan, Harris and Comanici, Gheorghe and Flennerhag, Sebastian and Gazeau, Maxime and Holsheimer, Kristian and Horgan, Dan and Laskin, Michael and Lyle, Clare and Masoom, Hussain and McKinney, Kay and Mnih, Volodymyr and Neitz, Alexander and Pardo, Fabio and Parker-Holder, Jack and Quan, John and Rocktäschel, Tim and Sahni, Himanshu and Schaul, Tom and Schroecker, Yannick and Spencer, Stephen and Steigerwald, Richie and Wang, Luyu and Zhang, Lei},
 doi = {10.48550/ARXIV.2312.09187},
 eprint = {2312.09187},
 note = {arxiv:2312.09187},
 publisher = {arXiv},
 title = {Vision-Language Models as a Source of Rewards},
 year = {2023}
}

@article{Bellemare2013_Atari,
 author = {Bellemare, M. G. and Naddaf, Y. and Veness, J. and Bowling, M.},
 doi = {10.1613/jair.3912},
 file = {:10819-Article Text-20168-1-10-20180216.pdf:PDF},
 groups = {RL},
 issn = {1076-9757},
 journal = {Journal of Artificial Intelligence Research},
 month = {June},
 pages = {253--279},
 publisher = {AI Access Foundation},
 ranking = {rank5},
 title = {The Arcade Learning Environment: An Evaluation Platform for General Agents},
 volume = {47},
 year = {2013}
}

@inproceedings{Bellemare2016_PseudoCounts,
 author = {Bellemare, Marc and Srinivasan, Sriram and Ostrovski, Georg and Schaul, Tom and Saxton, David and Munos, Remi},
 booktitle = {Advances in Neural Information Processing Systems},
 pages = {1-9},
 title = {Unifying Count-Based Exploration and Intrinsic Motivation},
 url = {https://proceedings.neurips.cc/paper/2016/file/afda332245e2af431fb7b672a68b659d-Paper.pdf},
 volume = {29},
 year = {2016}
}

@inproceedings{Bellemare2017_DistributionalRL,
 address = {International Convention Centre, Sydney, Australia},
 author = {Marc G. Bellemare and Will Dabney and R{\'e}mi Munos},
 booktitle = {Proceedings of the 34th International Conference on Machine Learning},
 editor = {Doina Precup and Yee Whye Teh},
 pages = {449--458},
 publisher = {PMLR},
 series = {Proceedings of Machine Learning Research},
 title = {A Distributional Perspective on Reinforcement Learning},
 url = {http://proceedings.mlr.press/v70/bellemare17a.html},
 volume = {70},
 year = {2017}
}

@article{Bellman1957_MDP,
 author = {Richard Bellman},
 issn = {00959057, 19435274},
 journal = {Journal of Mathematics and Mechanics},
 number = {5},
 pages = {679--684},
 publisher = {Indiana University Mathematics Department},
 title = {A Markovian Decision Process},
 url = {http://www.jstor.org/stable/24900506},
 volume = {6},
 year = {1957}
}

@article{Bellman1966_DP,
 author = {Bellman, Richard},
 doi = {10.1126/science.153.3731.34},
 groups = {Artificial Intelligence},
 issn = {1095-9203},
 journal = {Science},
 number = {3731},
 pages = {34--37},
 publisher = {American Association for the Advancement of Science (AAAS)},
 title = {Dynamic Programming},
 volume = {153},
 year = {1966}
}

@book{Ben-Ari2006_DistribProg,
 author = {Ben-Ari, M.},
 isbn = {032131283X},
 publisher = {Addison-Wesley Longman Publishing Co., Inc.},
 title = {Principles of Concurrent and Distributed Programming (2nd Edition)},
 url = {https://books.google.fr/books?hl=en&lr=&id=oP-2hpMEdb8C&oi=fnd&pg=PR11&dq=Principles+of+Concurrent+and+Distributed+Programming+(2nd+Edition)+&ots=HYkyOSjOTg&sig=OGWGMdsM_9GKTNmaqoKZRES0DPY&redir_esc=y#v=onepage&q=Principles%20of%20Concurrent%20and%20Distributed%20Programming%20(2nd%20Edition)&f=false},
 year = {2006}
}

@inproceedings{Bengio2009_Curriculum,
 author = {Bengio, Yoshua and Louradour, Jérôme and Collobert, Ronan and Weston, Jason},
 booktitle = {Proceedings of the 26th Annual International Conference on Machine Learning},
 doi = {10.1145/1553374.1553380},
 month = {June},
 publisher = {ACM},
 series = {ICML ’09},
 title = {Curriculum learning},
 year = {2009}
}

@article{Bettini2023_BenchMARL,
 archiveprefix = {arXiv},
 author = {Bettini, Matteo and Prorok, Amanda and Moens, Vincent},
 doi = {10.48550/ARXIV.2312.01472},
 eprint = {2312.01472},
 note = {arxiv:2312.01472},
 publisher = {arXiv},
 title = {BenchMARL: Benchmarking Multi-Agent Reinforcement Learning},
 year = {2023}
}

@book{Bishop2006_Pattern,
 author = {Bishop, Christopher M.},
 isbn = {978-0-387-31073-2},
 publisher = {Springer New York, NY},
 title = {Pattern recognition and machine learning},
 url = {https://www.microsoft.com/en-us/research/uploads/prod/2006/01/Bishop-Pattern-Recognition-and-Machine-Learning-2006.pdf},
 year = {2006}
}

@inproceedings{Bohmer2020_DeepCoordGraphs,
 author = {Böhmer, Wendelin and Kurin, Vitaly and Whiteson, Shimon},
 booktitle = {Proceedings of the 37th International Conference on Machine Learning},
 editor = {Hal Daumé III and Aarti Singh},
 pages = {980--991},
 publisher = {PMLR},
 series = {Proceedings of Machine Learning Research},
 title = {Deep Coordination Graphs},
 url = {http://proceedings.mlr.press/v119/boehmer20a.html},
 volume = {119},
 year = {2020}
}

@inproceedings{Botoko2024_LingConvent,
 address = {Richland, SC},
 author = {Botoko Ekila, J\'{e}r\^{o}me},
 booktitle = {Proceedings of the 23rd International Conference on Autonomous Agents and Multiagent Systems},
 location = {Auckland, New Zealand},
 numpages = {3},
 pages = {2725–2727},
 publisher = {International Foundation for Autonomous Agents and Multiagent Systems},
 series = {AAMAS '24},
 title = {Emergence of Linguistic Conventions In Multi-Agent Systems Through Situated Communicative Interactions},
 url = {https://dl.acm.org/doi/10.5555/3635637.3663267},
 year = {2024}
}

@inproceedings{Bouchacourt2018_HowAgentsSee,
 author = {Bouchacourt, Diane and Baroni, Marco},
 booktitle = {Proceedings of the 2018 Conference on Empirical Methods in Natural Language Processing},
 doi = {10.18653/v1/d18-1119},
 pages = {981--985},
 publisher = {Association for Computational Linguistics},
 title = {How agents see things: On visual representations in an emergent language game},
 year = {2018}
}

@article{Bousquet2004_MASEcosystem,
 author = {Bousquet, F and Le Page, C},
 doi = {10.1016/j.ecolmodel.2004.01.011},
 issn = {0304-3800},
 journal = {Ecological Modelling},
 number = {3–4},
 pages = {313--332},
 publisher = {Elsevier BV},
 title = {Multi-agent simulations and ecosystem management: a review},
 volume = {176},
 year = {2004}
}

@inproceedings{Bowling2001_Rational,
 author = {Bowling, Michael and Veloso, Manuela},
 booktitle = {International joint conference on artificial intelligence},
 number = {1},
 organization = {Citeseer},
 pages = {1021--1026},
 title = {Rational and convergent learning in stochastic games},
 url = {https://dl.acm.org/doi/abs/10.5555/1642194.1642231},
 volume = {17},
 year = {2001}
}

@article{Bowling2002_WoLFIGA,
 author = {Michael Bowling and Manuela Veloso},
 doi = {https://doi.org/10.1016/S0004-3702(02)00121-2},
 journal = {Artificial Intelligence},
 number = {2},
 pages = {215-250},
 title = {Multiagent learning using a variable learning rate},
 volume = {136},
 year = {2002}
}

@article{Brembs2010_FreeWill,
 author = {Brembs, Björn},
 doi = {10.1098/rspb.2010.2325},
 issn = {1471-2954},
 journal = {Proceedings of the Royal Society B: Biological Sciences},
 number = {1707},
 pages = {930--939},
 publisher = {The Royal Society},
 title = {Towards a scientific concept of free will as a biological trait: spontaneous actions and decision-making in invertebrates},
 volume = {278},
 year = {2010}
}

@article{Brent2001_VocDev,
 author = {Brent, Michael R and Siskind, Jeffrey Mark},
 doi = {10.1016/s0010-0277(01)00122-6},
 issn = {0010-0277},
 journal = {Cognition},
 number = {2},
 pages = {B33--B44},
 publisher = {Elsevier BV},
 title = {The role of exposure to isolated words in early vocabulary development},
 volume = {81},
 year = {2001}
}

@article{Brighton2005_LanguageAsEvo,
 author = {Brighton, H and Smith, K and Kirby, S},
 doi = {10.1016/j.plrev.2005.06.001},
 issn = {1571-0645},
 journal = {Physics of Life Reviews},
 number = {3},
 pages = {177--226},
 publisher = {Elsevier BV},
 title = {Language as an evolutionary system},
 volume = {2},
 year = {2005}
}

@inproceedings{Brohan2023_RT2,
 author = {Brohan, Anthony and Brown, Noah and Carbajal, Justice and Chebotar, Yevgen and Chen, Xi and Choromanski, Krzysztof and Ding, Tianli and Driess, Danny and Dubey, Avinava and Finn, Chelsea and Florence, Pete and Fu, Chuyuan and Arenas, Montse Gonzalez and Gopalakrishnan, Keerthana and Han, Kehang and Hausman, Karol and Herzog, Alexander and Hsu, Jasmine and Ichter, Brian and Irpan, Alex and Joshi, Nikhil and Julian, Ryan and Kalashnikov, Dmitry and Kuang, Yuheng and Leal, Isabel and Lee, Lisa and Lee, Tsang-Wei Edward and Levine, Sergey and Lu, Yao and Michalewski, Henryk and Mordatch, Igor and Pertsch, Karl and Rao, Kanishka and Reymann, Krista and Ryoo, Michael and Salazar, Grecia and Sanketi, Pannag and Sermanet, Pierre and Singh, Jaspiar and Singh, Anikait and Soricut, Radu and Tran, Huong and Vanhoucke, Vincent and Vuong, Quan and Wahid, Ayzaan and Welker, Stefan and Wohlhart, Paul and Wu, Jialin and Xia, Fei and Xiao, Ted and Xu, Peng and Xu, Sichun and Yu, Tianhe and Zitkovich, Brianna},
 booktitle = {Proceedings of The 7th Conference on Robot Learning},
 editor = {Tan, Jie and Toussaint, Marc and Darvish, Kourosh},
 pages = {2165--2183},
 publisher = {PMLR},
 series = {Proceedings of Machine Learning Research},
 title = {RT-2: Vision-Language-Action Models Transfer Web Knowledge to Robotic Control},
 url = {https://proceedings.mlr.press/v229/zitkovich23a.html},
 volume = {229},
 year = {2023}
}

@inproceedings{Brown1951_FictitiousPlay,
 author = {George W. Brown},
 booktitle = {Proceedingsof the Conference on Activity Analysis of Production and Allocation, Cowles CommissionMonograph 13},
 pages = {374-376},
 title = {Iterative solution of games by fictitious play},
 url = {https://econwpa.ub.uni-muenchen.de/econ-wp/game/papers/0503/0503008.pdf},
 year = {1951}
}

@article{Brunke2022_SafeLearningRobots,
 author = {Brunke, Lukas and Greeff, Melissa and Hall, Adam W. and Yuan, Zhaocong and Zhou, Siqi and Panerati, Jacopo and Schoellig, Angela P.},
 doi = {10.1146/annurev-control-042920-020211},
 issn = {2573-5144},
 journal = {Annual Review of Control, Robotics, and Autonomous Systems},
 number = {1},
 pages = {411--444},
 publisher = {Annual Reviews},
 title = {Safe Learning in Robotics: From Learning-Based Control to Safe Reinforcement Learning},
 volume = {5},
 year = {2022}
}

@inproceedings{Burda2019_RND,
 author = {Yuri Burda and Harrison Edwards and Amos Storkey and Oleg Klimov},
 booktitle = {7th International Conference on Learning Representations},
 note = {arxiv:1810.12894},
 title = {Exploration by Random Network Distillation},
 url = {https://arxiv.org/abs/1810.12894},
 year = {2019}
}

@book{Busoniu2017_FuncApprox,
 author = {Busoniu, Lucian and Babuska, Robert and De Schutter, Bart and Ernst, Damien},
 publisher = {CRC press},
 title = {Reinforcement learning and dynamic programming using function approximators},
 url = {https://orbi.uliege.be/bitstream/2268/27963/1/book-FA-RL-DP.pdf},
 year = {2017}
}

@inproceedings{Cao2018_Negotiation,
 author = {Kris Cao and Angeliki Lazaridou and Marc Lanctot and Joel Z Leibo and Karl Tuyls and Stephen Clark},
 booktitle = {6th International Conference on Learning Representations},
 title = {Emergent Communication through Negotiation},
 url = {https://openreview.net/forum?id=Hk6WhagRW},
 year = {2018}
}

@article{Carr2016_CulturalEvoLang,
 author = {Carr, Jon W. and Smith, Kenny and Cornish, Hannah and Kirby, Simon},
 doi = {10.1111/cogs.12371},
 issn = {1551-6709},
 journal = {Cognitive Science},
 number = {4},
 pages = {892--923},
 publisher = {Wiley},
 title = {The Cultural Evolution of Structured Languages in an Open‐Ended, Continuous World},
 volume = {41},
 year = {2016}
}

@inproceedings{Carroll2019_Overcooked,
 author = {Carroll, Micah and Shah, Rohin and Ho, Mark K and Griffiths, Tom and Seshia, Sanjit and Abbeel, Pieter and Dragan, Anca},
 booktitle = {Advances in Neural Information Processing Systems},
 editor = {H. Wallach and H. Larochelle and A. Beygelzimer and F. d\textquotesingle Alch\'{e}-Buc and E. Fox and R. Garnett},
 publisher = {Curran Associates, Inc.},
 title = {On the Utility of Learning about Humans for Human-AI Coordination},
 url = {https://proceedings.neurips.cc/paper/2019/hash/f5b1b89d98b7286673128a5fb112cb9a-Abstract.html},
 volume = {32},
 year = {2019}
}

@article{Carta2022_EAGER,
 author = {Carta, Thomas and Oudeyer, Pierre-Yves and Sigaud, Olivier and Lamprier, Sylvain},
 booktitle = {Advances in Neural Information Processing Systems},
 editor = {S. Koyejo and S. Mohamed and A. Agarwal and D. Belgrave and K. Cho and A. Oh},
 pages = {12478--12490},
 title = {EAGER: Asking and Answering Questions for Automatic Reward Shaping in Language-guided RL},
 url = {https://proceedings.neurips.cc/paper_files/paper/2022/hash/50eb39ab717507cccbe2b8590de32030-Abstract-Conference.html},
 volume = {35},
 year = {2022}
}

@inproceedings{Carta2023_GLAM,
 author = {Carta, Thomas and Romac, Cl{\'e}ment and Wolf, Thomas and Lamprier, Sylvain and Sigaud, Olivier and Oudeyer, Pierre-Yves},
 booktitle = {Proceedings of Machine Learning Research},
 hal_id = {hal-03970122},
 hal_version = {v3},
 number = {3676-3713},
 publisher = {{PMLR}},
 title = {{Grounding Large Language Models in Interactive Environments with Online Reinforcement Learning}},
 url = {https://hal.science/hal-03970122},
 volume = {202},
 year = {2023}
}

@inproceedings{Chaabouni2019_AntiEfficient,
 author = {Chaabouni, Rahma and Kharitonov, Eugene and Dupoux, Emmanuel and Baroni, Marco},
 booktitle = {Advances in Neural Information Processing Systems},
 editor = {H. Wallach and H. Larochelle and A. Beygelzimer and F. d\textquotesingle Alch\'{e}-Buc and E. Fox and R. Garnett},
 publisher = {Curran Associates, Inc.},
 title = {Anti-efficient encoding in emergent communication},
 url = {https://proceedings.neurips.cc/paper_files/paper/2019/file/31ca0ca71184bbdb3de7b20a51e88e90-Paper.pdf},
 volume = {32},
 year = {2019}
}

@inproceedings{Chaabouni2022_EmCommScale,
 author = {Rahma Chaabouni and Florian Strub and Florent Altch{\'e} and Eugene Tarassov and Corentin Tallec and Elnaz Davoodi and Kory Wallace Mathewson and Olivier Tieleman and Angeliki Lazaridou and Bilal Piot},
 booktitle = {International Conference on Learning Representations},
 title = {Emergent Communication at Scale},
 url = {https://openreview.net/forum?id=AUGBfDIV9rL},
 year = {2022}
}

@article{Charpentier2021_Economics,
 author = {Charpentier, Arthur and Élie, Romuald and Remlinger, Carl},
 doi = {10.1007/s10614-021-10119-4},
 issn = {1572-9974},
 journal = {Computational Economics},
 number = {1},
 pages = {425--462},
 publisher = {Springer Science and Business Media LLC},
 title = {Reinforcement Learning in Economics and Finance},
 volume = {62},
 year = {2021}
}

@inproceedings{Chebotar2019_Sim2Real,
 author = {Yevgen Chebotar and Ankur Handa and Viktor Makoviychuk and Miles Macklin and Jan Issac and Nathan Ratliff and Dieter Fox},
 booktitle = {2019 International Conference on Robotics and Automation ({ICRA})},
 doi = {10.1109/icra.2019.8793789},
 month = {may},
 publisher = {{IEEE}},
 title = {Closing the Sim-to-Real Loop: Adapting Simulation Randomization with Real World Experience},
 year = {2019}
}

@inproceedings{Chen2017_CollisionAvoidance,
 author = {Chen, Yu Fan and Liu, Miao and Everett, Michael and How, Jonathan P.},
 booktitle = {2017 IEEE International Conference on Robotics and Automation (ICRA)},
 doi = {10.1109/ICRA.2017.7989037},
 pages = {285-292},
 title = {Decentralized non-communicating multiagent collision avoidance with deep reinforcement learning},
 year = {2017}
}

@article{Chen2023_EndToEndDriving,
 archiveprefix = {arXiv},
 author = {Chen, Li and Wu, Penghao and Chitta, Kashyap and Jaeger, Bernhard and Geiger, Andreas and Li, Hongyang},
 eprint = {2306.16927},
 month = {June},
 note = {arxiv:2306.16927},
 publisher = {arXiv},
 title = {End-to-end Autonomous Driving: Challenges and Frontiers},
  doi           = {10.48550/ARXIV.2306.16927},
 year = {2023}
}

@inproceedings{Chiappa2023_Lattice,
 author = {Chiappa, Alberto Silvio and Marin Vargas, Alessandro and Huang, Ann and Mathis, Alexander},
 booktitle = {Advances in Neural Information Processing Systems},
 editor = {A. Oh and T. Naumann and A. Globerson and K. Saenko and M. Hardt and S. Levine},
 pages = {56508--56530},
 publisher = {Curran Associates, Inc.},
 title = {Latent exploration for Reinforcement Learning},
 url = {https://proceedings.neurips.cc/paper_files/paper/2023/hash/b0ca717599b7ba84d5e4f4c8b1ef6657-Abstract-Conference.html},
 volume = {36},
 year = {2023}
}

@inproceedings{Christiano2017_RLHF,
 author = {Christiano, Paul F and Leike, Jan and Brown, Tom and Martic, Miljan and Legg, Shane and Amodei, Dario},
 booktitle = {Advances in Neural Information Processing Systems},
 editor = {I. Guyon and U. Von Luxburg and S. Bengio and H. Wallach and R. Fergus and S. Vishwanathan and R. Garnett},
 publisher = {Curran Associates, Inc.},
 title = {Deep Reinforcement Learning from Human Preferences},
 url = {https://proceedings.neurips.cc/paper_files/paper/2017/file/d5e2c0adad503c91f91df240d0cd4e49-Paper.pdf},
 volume = {30},
 year = {2017}
}

@inproceedings{Christianos2020_SharedExp,
 author = {Filippos Christianos and Lukas Sch{\"a}fer and Albrecht, {Stefano V}},
 booktitle = {Advances in Neural Information Processing Systems 33 (NeurIPS 2020)},
 pages = {10707--10717},
 publisher = {Curran Associates Inc},
 title = {Shared Experience Actor-Critic for Multi-Agent Reinforcement Learning},
 url = {https://proceedings.neurips.cc/paper_files/paper/2020/hash/7967cc8e3ab559e68cc944c44b1cf3e8-Abstract.html},
 year = {2020}
}

@article{Christiansen2008_BrainShapeLang,
 author = {Christiansen, Morten H. and Chater, Nick},
 doi = {10.1017/s0140525x08004998},
 issn = {1469-1825},
 journal = {Behavioral and Brain Sciences},
 number = {5},
 pages = {489--509},
 publisher = {Cambridge University Press (CUP)},
 title = {Language as shaped by the brain},
 volume = {31},
 year = {2008}
}

@article{Chung2014_GRU,
 archiveprefix = {arXiv},
 author = {Chung, Junyoung and Gulcehre, Caglar and Cho, KyungHyun and Bengio, Yoshua},
 eprint = {1412.3555},
 note = {arxiv:1412.3555},
 title = {Empirical Evaluation of Gated Recurrent Neural Networks on Sequence Modeling},
  doi           = {10.48550/ARXIV.1412.3555},
 year = {2014}
}

@article{Claus1998_CoopMARL,
 author = {Claus, Caroline and Boutilier, Craig},
 journal = {AAAI/IAAI},
 number = {746-752},
 pages = {2},
 title = {The dynamics of reinforcement learning in cooperative multiagent systems},
 url = {https://cdn.aaai.org/AAAI/1998/AAAI98-106.pdf},
 volume = {1998},
 year = {1998}
}

@inproceedings{Cobbe2020_ProcGen,
 author = {Cobbe, Karl and Hesse, Chris and Hilton, Jacob and Schulman, John},
 booktitle = {Proceedings of the 37th International Conference on Machine Learning},
 editor = {III, Hal Daumé and Singh, Aarti},
 pages = {2048--2056},
 publisher = {PMLR},
 series = {Proceedings of Machine Learning Research},
 title = {Leveraging Procedural Generation to Benchmark Reinforcement Learning},
 url = {https://proceedings.mlr.press/v119/cobbe20a.html},
 volume = {119},
 year = {2020}
}

@inproceedings{Colas2020_Imagine,
 author = {Colas, C\'{e}dric and Karch, Tristan and Lair, Nicolas and Dussoux, Jean-Michel and Moulin-Frier, Cl\'{e}ment and Dominey, Peter and Oudeyer, Pierre-Yves},
 booktitle = {Advances in Neural Information Processing Systems},
 editor = {H. Larochelle and M. Ranzato and R. Hadsell and M. F. Balcan and H. Lin},
 pages = {3761--3774},
 publisher = {Curran Associates, Inc.},
 title = {Language as a Cognitive Tool to Imagine Goals in Curiosity Driven Exploration},
 url = {https://proceedings.neurips.cc/paper/2020/hash/274e6fcf4a583de4a81c6376f17673e7-Abstract.html},
 volume = {33},
 year = {2020}
}

@article{Colas2022_Autotelic,
 author = {Colas, Cédric and Karch, Tristan and Moulin-Frier, Clément and Oudeyer, Pierre-Yves},
 doi = {10.1038/s42256-022-00591-4},
 issn = {2522-5839},
 journal = {Nature Machine Intelligence},
 number = {12},
 pages = {1068--1076},
 publisher = {Springer Science and Business Media LLC},
 title = {Language and culture internalization for human-like autotelic AI},
 volume = {4},
 year = {2022}
}

@article{Conitzer2007_Awesome,
 author = {Conitzer, Vincent and Sandholm, Tuomas},
 doi = {10.1007/s10994-006-0143-1},
 journal = {Machine Learning},
 number = {1-2},
 pages = {23--43},
 publisher = {Springer},
 title = {AWESOME: A general multiagent learning algorithm that converges in self-play and learns a best response against stationary opponents},
 volume = {67},
 year = {2007}
}

@inproceedings{CoReyes2018_GPL,
 author = {John D Co-Reyes and Abhishek Gupta and Suvansh Sanjeev and Nick Altieri and John DeNero and Pieter Abbeel and Sergey Levine},
 booktitle = {International Conference on Learning Representations},
 title = {Guiding Policies with Language via Meta-Learning},
 url = {https://openreview.net/forum?id=HkgSEnA5KQ},
 year = {2019}
}

@inproceedings{Coulom2006_MCTS,
 address = {Berlin, Heidelberg},
 author = {Coulom, Rémi},
 booktitle = {Computers and Games},
 doi = {10.1007/978-3-540-75538-8_7},
 editor = {van den Herik, H. Jaap and Ciancarini, Paolo and Donkers, H. H. L. M. (Jeroen)},
 isbn = {978-3-540-75538-8},
 issn = {1611-3349},
 pages = {72--83},
 publisher = {Springer Berlin Heidelberg},
 ranking = {rank5},
 title = {Efficient Selectivity and Backup Operators in Monte-Carlo Tree Search},
 year = {2006}
}

@article{Crandall2018_CoopWithMachines,
 author = {Jacob W. Crandall and Mayada Oudah and Tennom and Fatimah Ishowo-Oloko and Sherief Abdallah and Jean-Fran{\c{c}}ois Bonnefon and Manuel Cebrian and Azim Shariff and Michael A. Goodrich and Iyad Rahwan},
 doi = {10.1038/s41467-017-02597-8},
 journal = {Nature Communications},
 number = {1},
 publisher = {Springer Science and Business Media {LLC}},
 title = {Cooperating with machines},
 volume = {9},
 year = {2018}
}

@article{DAmbrosio2024_PingPong,
 archiveprefix = {arXiv},
 author = {D'Ambrosio, David B. and Abeyruwan, Saminda and Graesser, Laura and Iscen, Atil and Amor, Heni Ben and Bewley, Alex and Reed, Barney J. and Reymann, Krista and Takayama, Leila and Tassa, Yuval and Choromanski, Krzysztof and Coumans, Erwin and Jain, Deepali and Jaitly, Navdeep and Jaques, Natasha and Kataoka, Satoshi and Kuang, Yuheng and Lazic, Nevena and Mahjourian, Reza and Moore, Sherry and Oslund, Kenneth and Shankar, Anish and Sindhwani, Vikas and Vanhoucke, Vincent and Vesom, Grace and Xu, Peng and Sanketi, Pannag R.},
 doi = {10.48550/ARXIV.2408.03906},
 eprint = {2408.03906},
 note = {arxiv:2408.03906},
 publisher = {arXiv},
 title = {Achieving Human Level Competitive Robot Table Tennis},
 year = {2024}
}

@inproceedings{Das2017_CoopVisDial,
 author = {Das, Abhishek and Kottur, Satwik and Moura, Jose M. F. and Lee, Stefan and Batra, Dhruv},
 booktitle = {Proceedings of the IEEE International Conference on Computer Vision (ICCV)},
 title = {Learning Cooperative Visual Dialog Agents With Deep Reinforcement Learning},
 url = {https://openaccess.thecvf.com/content_iccv_2017/html/Das_Learning_Cooperative_Visual_ICCV_2017_paper.html},
 year = {2017}
}

@inproceedings{Das2019_TarMAC,
 author = {Das, Abhishek and Gervet, Th{\'e}ophile and Romoff, Joshua and Batra, Dhruv and Parikh, Devi and Rabbat, Mike and Pineau, Joelle},
 booktitle = {Proceedings of the 36th International Conference on Machine Learning},
 editor = {Kamalika Chaudhuri and Ruslan Salakhutdinov},
 pages = {1538--1546},
 publisher = {PMLR},
 series = {Proceedings of Machine Learning Research},
 title = {{T}ar{MAC}: Targeted Multi-Agent Communication},
 url = {http://proceedings.mlr.press/v97/das19a.html},
 volume = {97},
 year = {2019}
}

@inproceedings{Ding2021_SafeExp,
 author = {Ding, Dongsheng and Wei, Xiaohan and Yang, Zhuoran and Wang, Zhaoran and Jovanovic, Mihailo},
 booktitle = {Proceedings of The 24th International Conference on Artificial Intelligence and Statistics},
 editor = {Banerjee, Arindam and Fukumizu, Kenji},
 pages = {3304--3312},
 publisher = {PMLR},
 series = {Proceedings of Machine Learning Research},
 title = {Provably Efficient Safe Exploration via Primal-Dual Policy Optimization},
 url = {https://proceedings.mlr.press/v130/ding21d.html},
 volume = {130},
 year = {2021}
}

@article{Doran1995_EOS,
 author = {Doran, Jim and Palmer, Mike},
 journal = {Artificial Societies: The ComputerSimulation of Social Life},
 pages = {103--125},
 title = {The EOS project: integrating two models of Palaeolithic social change},
 url = {https://www.taylorfrancis.com/chapters/oa-edit/10.4324/9780203993699-13/eos-project-integrating-two-models-palaeolithic-social-change-jim-doran-mike-palmer},
 year = {1995}
}

@inproceedings{Dosovitskiy2021_VisionTransformer,
 author = {Alexey Dosovitskiy and Lucas Beyer and Alexander Kolesnikov and Dirk Weissenborn and Xiaohua Zhai and Thomas Unterthiner and Mostafa Dehghani and Matthias Minderer and Georg Heigold and Sylvain Gelly and Jakob Uszkoreit and Neil Houlsby},
 booktitle = {International Conference on Learning Representations},
 title = {An Image is Worth 16x16 Words: Transformers for Image Recognition at Scale},
 url = {https://openreview.net/forum?id=YicbFdNTTy},
 year = {2021}
}

@inproceedings{Driess2023_PaLME,
 author = {Driess, Danny and Xia, Fei and Sajjadi, Mehdi S. M. and Lynch, Corey and Chowdhery, Aakanksha and Ichter, Brian and Wahid, Ayzaan and Tompson, Jonathan and Vuong, Quan and Yu, Tianhe and Huang, Wenlong and Chebotar, Yevgen and Sermanet, Pierre and Duckworth, Daniel and Levine, Sergey and Vanhoucke, Vincent and Hausman, Karol and Toussaint, Marc and Greff, Klaus and Zeng, Andy and Mordatch, Igor and Florence, Pete},
 booktitle = {Proceedings of the 40th International Conference on Machine Learning},
 editor = {PMLR},
 title = {PaLM-E: An Embodied Multimodal Language Model},
 url = {https://proceedings.mlr.press/v202/driess23a.html},
 volume = {202},
 year = {2023}
}

@inproceedings{Du2019_LIIR,
 author = {Du, Yali and Han, Lei and Fang, Meng and Dai, Tianhong and Liu, Ji and Tao, Dacheng},
 booktitle = {Advances in Neural Information Processing Systems},
 title = {{LIIR}: Learning Individual Intrinsic Reward in Multi-Agent Reinforcement Learning},
 url = {https://proceedings.neurips.cc/paper/2019/hash/07a9d3fed4c5ea6b17e80258dee231fa-Abstract.html},
 volume = {32},
 year = {2019}
}

@article{Eccles2019_EmCommBiases,
 author = {Tom Eccles and Yoram Bachrach and Guy Lever and Angeliki Lazaridou and Thore Graepel},
 journal = {Advances in Neural Information Processing Systems},
 title = {Biases for Emergent Communication in Multi-agent Reinforcement Learning},
 url = {https://proceedings.neurips.cc/paper/2019/hash/fe5e7cb609bdbe6d62449d61849c38b0-Abstract.html},
 year = {2019}
}

@article{Ecoffet2021_GoExplore,
 author = {Adrien Ecoffet and Joost Huizinga and Joel Lehman and Kenneth O. Stanley and Jeff Clune},
 doi = {https://doi.org/10.1038/s41586-020-03157-9},
 journal = {Nature},
 number = {590},
 pages = {580–586},
 title = {First return then explore},
 year = {2021}
}

@book{Eiben2003_Evo,
 author = {Eiben, A. E. and Smith, J. E.},
 doi = {10.1007/978-3-662-05094-1},
 isbn = {9783662050941},
 issn = {1619-7127},
 journal = {Natural Computing Series},
 publisher = {Springer Berlin Heidelberg},
 title = {Introduction to Evolutionary Computing},
 year = {2003}
}

@inproceedings{Ellis2023_SMACv2,
 author = {Ellis, Benjamin and Cook, Jonathan and Moalla, Skander and Samvelyan, Mikayel and Sun, Mingfei and Mahajan, Anuj and Foerster, Jakob and Whiteson, Shimon},
 booktitle = {Advances in Neural Information Processing Systems},
 editor = {A. Oh and T. Naumann and A. Globerson and K. Saenko and M. Hardt and S. Levine},
 pages = {37567--37593},
 publisher = {Curran Associates, Inc.},
 title = {SMACv2: An Improved Benchmark for Cooperative Multi-Agent Reinforcement Learning},
 url = {https://proceedings.neurips.cc/paper_files/paper/2023/file/764c18ad230f9e7bf6a77ffc2312c55e-Paper-Datasets_and_Benchmarks.pdf},
 volume = {36},
 year = {2023}
}

@inproceedings{Engstrom2020_PPOImplement,
 author = {Engstrom, Logan and Ilyas, Andrew and Santurkar, Shibani and Tsipras, Dimitris and Janoos, Firdaus and Rudolph, Larry and Madry, Aleksander},
 booktitle = {8th International Conference on Learning Representations, {ICLR} 2020, Addis Ababa, Ethiopia, April 26-30, 2020},
 publisher = {OpenReview.net},
 title = {Implementation Matters in Deep Policy Gradients: A Case Study on PPO and TRPO},
 url = {https://openreview.net/forum?id=r1etN1rtPB},
 year = {2020}
}

@inproceedings{Eysenbach2019_DIAYN,
 author = {Benjamin Eysenbach and Abhishek Gupta and Julian Ibarz and Sergey Levine},
 booktitle = {International Conference on Learning Representations},
 title = {Diversity is All You Need: Learning Skills without a Reward Function},
 url = {https://openreview.net/forum?id=SJx63jRqFm},
 year = {2019}
}

@article{Farrell1996_CheapTalk,
 author = {Farrell, Joseph and Rabin, Matthew},
 doi = {10.1257/jep.10.3.103},
 issn = {0895-3309},
 journal = {Journal of Economic Perspectives},
 number = {3},
 pages = {103--118},
 publisher = {American Economic Association},
 title = {Cheap Talk},
 volume = {10},
 year = {1996}
}

@article{Fatima2008_ShapleyLinApprox,
 author = {Fatima, Shaheen S. and Wooldridge, Michael and Jennings, Nicholas R.},
 doi = {10.1016/j.artint.2008.05.003},
 journal = {Artificial Intelligence},
 number = {14},
 pages = {1673--1699},
 publisher = {Elsevier BV},
 title = {A linear approximation method for the Shapley value},
 volume = {172},
 year = {2008}
}

@article{Feine2019_SocialCues,
 author = {Feine, Jasper and Gnewuch, Ulrich and Morana, Stefan and Maedche, Alexander},
 doi = {10.1016/j.ijhcs.2019.07.009},
 issn = {1071-5819},
 journal = {International Journal of Human-Computer Studies},
 pages = {138--161},
 publisher = {Elsevier BV},
 title = {A Taxonomy of Social Cues for Conversational Agents},
 volume = {132},
 year = {2019}
}

@inproceedings{Finnsson2008_GamePlaying,
 author = {Finnsson, Hilmar and Bj\"{o}rnsson, Yngvi},
 booktitle = {Proceedings of the 23rd National Conference on Artificial Intelligence - Volume 1},
 isbn = {9781577353683},
 location = {Chicago, Illinois},
 pages = {259–264},
 publisher = {AAAI Press},
 series = {AAAI'08},
 title = {Simulation-based approach to general game playing},
 url = {https://dl.acm.org/doi/abs/10.5555/1619995.1620038},
 year = {2008}
}

@inproceedings{FletBerliac2021_AGAC,
 author = {Flet-Berliac, Yannis and Ferret, Johan and Pietquin, Olivier and Preux, Philippe and Geist, Matthieu},
 booktitle = {9th International Conference on Learning Representations},
 title = {Adversarially Guided Actor-Critic},
 url = {https://hal.inria.fr/hal-03167169},
 year = {2021}
}

@inproceedings{Foerster2016_DIAL,
 address = {Red Hook, NY, USA},
 author = {Foerster, Jakob N. and Assael, Yannis M. and de Freitas, Nando and Whiteson, Shimon},
 booktitle = {Proceedings of the 30th International Conference on Neural Information Processing Systems},
 numpages = {9},
 pages = {2145–2153},
 publisher = {Curran Associates Inc.},
 series = {NIPS'16},
 title = {Learning to Communicate with Deep Multi-Agent Reinforcement Learning},
 url = {https://proceedings.neurips.cc/paper_files/paper/2016/file/c7635bfd99248a2cdef8249ef7bfbef4-Paper.pdf},
 year = {2016}
}

@article{Foerster2016_SolveRiddles,
 archiveprefix = {arXiv},
 author = {Jakob N. Foerster and Yannis M. Assael and Nando de Freitas and Shimon Whiteson},
 eprint = {1602.02672},
 note = {arxiv:1602.02672},
 title = {Learning to Communicate to Solve Riddles with Deep Distributed Recurrent Q-Networks},
 url = {https://arxiv.org/abs/1602.02672},
 year = {2016}
}

@inproceedings{Foerster2017_StabExpReplay,
 address = {International Convention Centre, Sydney, Australia},
 author = {Jakob Foerster and Nantas Nardelli and Gregory Farquhar and Triantafyllos Afouras and Philip H. S. Torr and Pushmeet Kohli and Shimon Whiteson},
 booktitle = {Proceedings of the 34th International Conference on Machine Learning},
 editor = {Doina Precup and Yee Whye Teh},
 pages = {1146--1155},
 publisher = {PMLR},
 series = {Proceedings of Machine Learning Research},
 title = {Stabilising Experience Replay for Deep Multi-Agent Reinforcement Learning},
 url = {http://proceedings.mlr.press/v70/foerster17b.html},
 volume = {70},
 year = {2017}
}

@inproceedings{Foerster2018_COMA,
 author = {Foerster, Jakob and Farquhar, Gregory and Afouras, Triantafyllos and Nardelli, Nantas and Whiteson, Shimon},
 booktitle = {Proceedings of the AAAI Conference on Artificial Intelligence},
 title = {Counterfactual Multi-Agent Policy Gradients},
 url = {https://ojs.aaai.org/index.php/AAAI/article/view/11794},
 volume = {32},
 year = {2018}
}

@inproceedings{Foerster2019_BAD,
 author = {Foerster, Jakob and Song, Francis and Hughes, Edward and Burch, Neil and Dunning, Iain and Whiteson, Shimon and Botvinick, Matthew and Bowling, Michael},
 booktitle = {Proceedings of the 36th International Conference on Machine Learning},
 editor = {Chaudhuri, Kamalika and Salakhutdinov, Ruslan},
 pages = {1942--1951},
 publisher = {PMLR},
 series = {Proceedings of Machine Learning Research},
 title = {Bayesian Action Decoder for Deep Multi-Agent Reinforcement Learning},
 url = {https://proceedings.mlr.press/v97/foerster19a.html},
 volume = {97},
 year = {2019}
}

@inproceedings{Fortunato2018_NoisyDQN,
 author = {Meire Fortunato and Mohammad Gheshlaghi Azar and Bilal Piot and Jacob Menick and Ian Osband and Alex Graves and Vlad Mnih and Remi Munos and Demis Hassabis and Olivier Pietquin and Charles Blundell and Shane Legg},
 booktitle = {International Conference on Learning Representations},
 title = {Noisy Networks for Exploration},
 url = {https://openreview.net/forum?id=rywHCPkAW},
 year = {2018}
}

@article{Friston2010_FreeEnergy,
 author = {Friston, Karl},
 doi = {10.1038/nrn2787},
 issn = {1471-0048},
 journal = {Nature Reviews Neuroscience},
 month = {January},
 number = {2},
 pages = {127--138},
 publisher = {Springer Science and Business Media LLC},
 title = {The free-energy principle: a unified brain theory?},
 volume = {11},
 year = {2010}
}

@article{Fudenberg1995_FictitiousPlay,
 author = {Fudenberg, Drew and Levine, David K.},
 doi = {10.1016/0165-1889(94)00819-4},
 issn = {0165-1889},
 journal = {Journal of Economic Dynamics and Control},
 number = {5–7},
 pages = {1065--1089},
 publisher = {Elsevier BV},
 title = {Consistency and cautious fictitious play},
 volume = {19},
 year = {1995}
}

@inproceedings{Fujimoto2018_TD3,
 author = {Scott Fujimoto and Herke van Hoof and David Meger},
 booktitle = {Proceedings of the 35th International Conference on Machine Learning},
 editor = {Dy, Jennifer and Krause, Andreas},
 pages = {1587--1596},
 publisher = {PMLR},
 series = {Proceedings of Machine Learning Research},
 title = {Addressing Function Approximation Error in Actor-Critic Methods},
 url = {https://proceedings.mlr.press/v80/fujimoto18a.html},
 volume = {80},
 year = {2018}
}

@inproceedings{Galke2022_Emergent,
 author = {Lukas Galke and Yoav Ram and Limor Raviv},
 booktitle = {Emergent Communication Workshop at ICLR 2022},
 title = {Emergent Communication for Understanding Human Language Evolution: What's Missing?},
 url = {https://openreview.net/forum?id=rqUGZQ-0XZ5},
 year = {2022}
}

@article{Garcia2015_SafeRL,
 author = {Javier Garc{{\'i}}a and Fern and o Fern{{\'a}}ndez},
 journal = {Journal of Machine Learning Research},
 number = {42},
 pages = {1437--1480},
 title = {A Comprehensive Survey on Safe Reinforcement Learning},
 url = {http://jmlr.org/papers/v16/garcia15a.html},
 volume = {16},
 year = {2015}
}

@article{Gardner1984_Chimpanzee,
 author = {Gardner, R. Allen and Gardner, Beatrix T.},
 doi = {10.1037/0735-7036.98.4.381},
 issn = {0735-7036},
 journal = {Journal of Comparative Psychology},
 number = {4},
 pages = {381--404},
 publisher = {American Psychological Association (APA)},
 title = {A vocabulary test for chimpanzees (Pan troglodytes).},
 volume = {98},
 year = {1984}
}

@inproceedings{Gehring2021_HierarchicalSkills,
 author = {Gehring, Jonas and Synnaeve, Gabriel and Krause, Andreas and Usunier, Nicolas},
 booktitle = {Advances in Neural Information Processing Systems},
 editor = {M. Ranzato and A. Beygelzimer and Y. Dauphin and P.S. Liang and J. Wortman Vaughan},
 pages = {11553--11564},
 publisher = {Curran Associates, Inc.},
 title = {Hierarchical Skills for Efficient Exploration},
 url = {https://proceedings.neurips.cc/paper/2021/hash/60106888f8977b71e1f15db7bc9a88d1-Abstract.html},
 volume = {34},
 year = {2021}
}

@article{Gibson2019_EfficiencyShapeLang,
 author = {Gibson, Edward and Futrell, Richard and Piantadosi, Steven P. and Dautriche, Isabelle and Mahowald, Kyle and Bergen, Leon and Levy, Roger},
 doi = {10.1016/j.tics.2019.02.003},
 issn = {1364-6613},
 journal = {Trends in Cognitive Sciences},
 number = {5},
 pages = {389--407},
 publisher = {Elsevier BV},
 title = {How Efficiency Shapes Human Language},
 volume = {23},
 year = {2019}
}

@inproceedings{Glorot2011_ReLU,
 address = {Fort Lauderdale, FL, USA},
 author = {Glorot, Xavier and Bordes, Antoine and Bengio, Yoshua},
 booktitle = {Proceedings of the Fourteenth International Conference on Artificial Intelligence and Statistics},
 editor = {Gordon, Geoffrey and Dunson, David and Dudík, Miroslav},
 pages = {315--323},
 publisher = {PMLR},
 series = {Proceedings of Machine Learning Research},
 title = {Deep Sparse Rectifier Neural Networks},
 url = {https://proceedings.mlr.press/v15/glorot11a.html},
 volume = {15},
 year = {2011}
}

@article{Gombolay2017_MixedInitiative,
 author = {Gombolay, Matthew and Bair, Anna and Huang, Cindy and Shah, Julie},
 doi = {10.1177/0278364916688255},
 issn = {1741-3176},
 journal = {The International Journal of Robotics Research},
 number = {5–7},
 pages = {597--617},
 publisher = {SAGE Publications},
 title = {Computational design of mixed-initiative human–robot teaming that considers human factors: situational awareness, workload, and workflow preferences},
 volume = {36},
 year = {2017}
}

@inproceedings{Gorsane2022_BenchmarkCoopMARL,
 author = {Gorsane, Rihab and Mahjoub, Omayma and de Kock, Ruan John and Dubb, Roland and Singh, Siddarth and Pretorius, Arnu},
 booktitle = {Advances in Neural Information Processing Systems},
 editor = {S. Koyejo and S. Mohamed and A. Agarwal and D. Belgrave and K. Cho and A. Oh},
 pages = {5510--5521},
 publisher = {Curran Associates, Inc.},
 title = {Towards a Standardised Performance Evaluation Protocol for Cooperative MARL},
 url = {https://proceedings.neurips.cc/paper_files/paper/2022/hash/249f73e01f0a2bb6c8d971b565f159a7-Abstract-Conference.html},
 volume = {35},
 year = {2022}
}

@book{Greene2003_Communication,
 author = {Greene, J.O. and Burleson, B.R.},
 isbn = {9781135664107},
 publisher = {Taylor \& Francis},
 series = {ISSN},
 title = {Handbook of Communication and Social Interaction Skills},
 url = {https://books.google.fr/books?id=0oqLRZQbLmIC},
 year = {2003}
}

@inproceedings{Gregor2017_VIC,
 author = {Karol Gregor, Danilo Jimenez Rezende, Daan Wierstra},
 booktitle = {5th International Conference on Learning Representations (ICLR)},
 title = {Variational Intrinsic Control},
 url = {https://openreview.net/forum?id=Skc-Fo4Yg},
 year = {2017}
}

@inproceedings{Guestrin2002_CoordGraphs,
 author = {Guestrin, Carlos and Lagoudakis, Michail and Parr, Ronald},
 booktitle = {Proceedings of 19th International Conference on Machine Learning},
 pages = {227--234},
 title = {Coordinated reinforcement learning},
 url = {https://citeseerx.ist.psu.edu/document?repid=rep1&type=pdf&doi=29893127a377d37f16662dc482e012ff900bd55a},
 volume = {2},
 year = {2002}
}

@inproceedings{Gupta2017_InvariantFeatureSpace,
 author = {Abhishek Gupta and Coline Devin and YuXuan Liu and Pieter Abbeel and Sergey Levine},
 booktitle = {International Conference on Learning Representations},
 title = {Learning Invariant Feature Spaces to Transfer Skills with Reinforcement Learning},
 url = {https://openreview.net/forum?id=Hyq4yhile},
 year = {2017}
}

@incollection{Gupta2017_PSTRPO,
 author = {Jayesh K. Gupta and Maxim Egorov and Mykel Kochenderfer},
 booktitle = {Autonomous Agents and Multiagent Systems},
 doi = {10.1007/978-3-319-71682-4_5},
 pages = {66--83},
 publisher = {Springer International Publishing},
 title = {Cooperative Multi-agent Control Using Deep Reinforcement Learning},
 year = {2017}
}

@inproceedings{Gupta2021_DynamicPop,
 author = {Abhinav Gupta and Marc Lanctot and Angeliki Lazaridou},
 booktitle = {Advances in Neural Information Processing Systems},
 editor = {A. Beygelzimer and Y. Dauphin and P. Liang and J. Wortman Vaughan},
 title = {Dynamic population-based meta-learning for multi-agent communication with natural language},
 url = {https://proceedings.neurips.cc/paper/2021/hash/8caa38721906c1a0bb95c80fab33a893-Abstract.html},
 year = {2021}
}

@article{Guss2019_MineRL,
 author = {Guss, William H. and Codel, Cayden and Hofmann, Katja and Houghton, Brandon and Kuno, Noboru and Milani, Stephanie and Mohanty, Sharada and Liebana, Diego Perez and Salakhutdinov, Ruslan and Topin, Nicholay and Veloso, Manuela and Wang, Phillip},
 eprint = {1904.10079},
 note = {arxiv:1904.10079},
 publisher = {arXiv},
 title = {The MineRL 2019 Competition on Sample Efficient Reinforcement Learning using Human Priors},
  doi           = {10.48550/ARXIV.1904.10079},
 year = {2019}
}
